3290 5006
727 389 922 453 ..9.-

293 585 361 652 quo
384 564 593 662 potissimum
616 584 741 650 genere
765 564 901 631 dicendi
919 565 1051 652 singuli
1063 572 1215 632 oratores
1239 571 1356 632 essent
1471 558 1477 575 ¹

294 681 363 766 usi;
388 701 474 768 quae
498 703 575 748 curn
598 682 670 746 fere
697 682 809 748 omnia
830 681 1005 768 perierint,
1032 689 1157 766 tamen,
1181 684 1209 748 si
1233 705 1354 771 pauca,

295 817 382 886 quae
407 803 554 880 exstant,
576 797 767 883 fragmenta
790 798 1128 884 perlustraverimus,
1158 800 1251 866 haud
1276 820 1354 866 con·

292 913 477 994 temnenda
501 914 687 980 elucebunt
708 915 744 978 in
762 913 827 980 hac
845 934 980 1000 quoque
995 921 1093 1002 parte
1108 916 1171 984 viri
1189 915 1356 982 industria

294 1037 329 1097 et
338 1031 524 1117 ingenium.
554 1028 644 1096 Nam
661 1031 696 1094 in
713 1031 909 1097 universum
929 1032 1066 1118 quidem
1084 1054 1162 1098 cum
1183 1033 1226 1098 de
1245 1040 1355 1100 orato-

294 1167 368 1212 rum
384 1145 661 1233 generedicendi
677 1146 750 1212 fere
767 1146 885 1212 eadem
898 1167 986 1233 quae
1001 1146 1185 1234 Dionysius
1202 1155 1236 1214 et
1249 1147 1356 1214 ceteri

295 1261 369 1327 eius
394 1261 513 1327 aetatia
542 1261 698 1327 rhetores
726 1261 1008 1345 indicavisset*),
1037 1268 1150 1328 tamen
1178 1268 1268 1328 artes
1297 1282 1356 1328 ve·

293 1381 405 1442 terum
427 1383 646 1463 perscrutans
671 1383 704 1442 et
729 1378 900 1442 orationes
930 1378 973 1444 ad
999 1378 1150 1464 ipsorum
1173 1383 1355 1465 praecepta

295 1512 460 1560 revocans
484 1493 526 1560 de
549 1500 705 1562 veterum
729 1495 924 1560 scholarum
946 1495 1035 1560 inter
1063 1515 1138 1561 sese
1162 1515 1299 1560 conexu
1323 1499 1356 1560 et

294 1610 497 1697 praeceptis,
520 1615 559 1674 ut
583 1609 627 1690 ab
652 1609 728 1675 aliis
749 1610 793 1675 ad
817 1610 900 1676 alios
923 1609 1048 1676 tradita
1071 1617 1195 1693 essent,
1217 1609 1355 1676 investi·

295 1725 417 1810 gandia
442 1725 579 1811 egregie
601 1725 741 1791 meritus
766 1731 828 1790 est.
873 1725 919 1792 Et
942 1725 1066 1813 Lysiae
1090 1725 1226 1812 quidem
1250 1731 1352 1813 atque

297 1837 390 1905 Isaei
412 1846 502 1905 artes
526 1860 596 1905 non
619 1842 730 1905 solum
753 1841 924 1927 cognorit,
955 1841 1017 1908 sad
1040 1840 1141 1907 etiam
1162 1842 1256 1906 illius
1281 1862 1354 1908 ora·

297 1954 427 2020 tionum
459 1955 526 2021 dno
555 1975 684 2042 genera
714 1977 789 2022 esse
820 1957 1010 2040 intellexit,
1048 1957 1195 2022 alterum
1229 1977 1357 2039 earum,

298 2092 386 2160 qnae
415 2074 503 2140 veris
532 2074 643 2142 causis
676 2080 791 2140 essent
820 2075 1111 2156 accommodatae,
1142 2073 1290 2138 alterum
1312 2072 1357 2138 ad

297 2190 493 2256 scholarum
515 2211 615 2256 nsum
639 2196 673 2256 et
695 2191 905 2277 voluptatem
921 2190 1188 2276 excogitatarum
1212 2188 1271 2273 (of.
1288 2187 1356 2274 epi·

296 2312 440 2389 metrum
467 2304 530 2390 ΙΙ).
584 2306 720 2372 Deinde
753 2306 926 2393 singulare
957 2305 1119 2371 iudicium
1148 2303 1190 2370 de
1221 2308 1358 2370 senten·

293 2423 421 2488 tiarum
452 2423 570 2509 figuris
613 2423 788 2509 exposuit,
823 2443 907 2508 quas
939 2443 959 2487 a
992 2421 1107 2509 primis
1137 2420 1205 2486 illis
1239 2418 1363 2485 Atticis

298 2539 489 2605 oratoribus
513 2560 585 2604 non
610 2538 791 2622 adhibitas,
815 2538 876 2603 sed
900 2538 942 2604 ab
962 2536 1062 2604 Isaeo
1086 2537 1220 2602 demum
1242 2535 1360 2602 inven-

296 2660 352 2720 tas
377 2662 411 2722 et
433 2656 577 2721 maxime
602 2677 622 2720 a
642 2653 873 2720 Demosthene
893 2660 1075 2739 usurpatas
1099 2653 1205 2718 fuisse
1228 2652 1361 2738 putavit

298 2772 355 2856 (fr.
385 2773 416 2835 5.
445 2773 474 2835 7.
505 2770 587 2854 11.);
625 2770 782 2835 nimirum
811 2789 881 2833 non
910 2789 968 2834 eas
991 2767 1119 2854 figuras
1147 2768 1241 2852 dicit,
1269 2787 1356 2854 quas

301 2891 425 2952 natura
448 2885 593 2970 quadam
617 2891 651 2950 et
675 2884 815 2950 fortuito
839 2884 944 2966 fiunt,
972 2883 1033 2949 sed
1065 2903 1152 2970 quaa
1181 2904 1258 2948 cnm
1287 2889 1358 2949 arte

299 3005 333 3066 et
357 2999 500 3066 consilio
525 3006 663 3066 ornatus
689 3020 794 3066 causa
817 2999 1003 3085 finguntur.

387 3115 544 3202 Denique
566 3116 602 3182 in
626 3116 706 3182 vitis
736 3135 872 3202 quoque
900 3114 1099 3188 enarrandis
1127 3134 1196 3179 non
1225 3113 1363 3178 deerat

300 3228 427 3296 Caecili
451 3231 626 3317 diligentia
650 3237 684 3297 et
707 3231 897 3297 litterarum
915 3231 1037 3296 eximia
1054 3230 1217 3314 doctrina,
1241 3229 1270 3294 si
1285 3229 1358 3314 qui·

301 3344 379 3410 dem
394 3367 463 3410 non
480 3347 591 3412 solum
606 3345 791 3434 Hermippi,
808 3345 1036 3430 Idomeni**),
1054 3353 1248 3412 ceterorum
1266 3344 1359 3410 haud

301 3458 416 3544 dubie,
440 3460 498 3546 qui
520 3462 563 3526 de
587 3462 779 3528 oratoribus
803 3461 1026 3548 scripserant,
1056 3460 1150 3526 libris
1183 3482 1265 3525 usus
1299 3464 1363 3542 est,

302 3577 481 3643 sedetiam
498 3577 642 3643 decretis
659 3577 818 3663 publicis,
832 3597 919 3663 quae
936 3597 980 3642 ex
993 3575 1125 3642 Crateri
1141 3576 1193 3660 (ut
1205 3573 1360 3640 Weater-

390 3809 416 3876 ⁴¹)
445 3808 478 3866 E.
496 3824 520 3865 c.
539 3809 642 3879 Lysiae
666 3809 741 3878 qnod
757 3808 923 3864 brevitatem
941 3812 970 3862 et
988 3807 1112 3878 vigorem
1139 3819 1292 3874 purumque
1312 3802 1364 3860 Aa

301 3896 386 3951 ticum
414 3913 569 3953 sermonem
592 3898 701 3967 laudat,
727 3896 892 3967 disponendi
915 3911 983 3951 vero
1007 3899 1095 3950 artem
1118 3895 1270 3963 vituperat,
1298 3890 1367 3946 illud

303 3989 332 4041 et
349 3986 469 4058 Dionysi
495 3985 530 4042 de
548 3987 616 4056 Lys.
635 4002 697 4058 cap.
716 3989 741 4042 2.
762 3989 803 4042 10.
829 3989 858 4041 et
876 3985 994 4040 omnium
1018 3983 1143 4038 eiusdem
1167 3981 1284 4050 aetatis,
1310 3981 1363 4035 hoc

302 4073 358 4129 iam
377 4074 500 4130 Platonis
519 4073 610 4130 linerat
628 4073 758 4130 iudicium
775 4072 819 4144 (fr.
837 4071 901 4142 9³).

374 4181 416 4249 ”l
437 4182 507 4238 Nam
516 4181 641 4239 Caecilio
650 4181 721 4236 haec
730 4179 841 4236 nomina
850 4179 954 4234 debere
966 4177 1077 4233 videtur
1089 4176 1246 4231 scholiasta
1258 4175 1291 4232 fr.
1304 4173 1368 4232 12⁵.
