3290 5006
743 367 962 432 ..10-

324 541 635 631 resuscitantem
657 545 790 630 (oppos.
805 541 957 624 ταπεινὸν,
977 540 1132 630 αἰσχρὸν);
1154 565 1228 632 cap.
1242 547 1282 612 16
1295 543 1388 632 μόρια
1413 568 1417 574 ’
1516 517 1518 522 ¹

326 663 385 746 τῆς
407 657 517 738 λέξεως
547 655 668 744 εὔφωνα
697 655 753 724 καὶ
779 656 1016 746 καλλιῤῥήμονω
1069 657 1126 724 Ad
1164 659 1247 726 talia
1283 661 1387 748 igitur

327 771 500 860 (ὀνομάτων
531 771 660 860 ἐκλογὴν
688 773 850 841 dicebant
875 774 964 840 hanc
992 775 1073 840 artis
1095 777 1241 861 partem)
1269 773 1386 842 anci·

326 891 410 956 lium
434 896 607 976 spectasse
634 889 824 975 putaverim
854 895 985 976 partem
1014 910 1130 956 earum
1158 911 1270 957 rerum
1298 897 1388 958 trac·

325 1011 477 1089 tantem‚.
496 1027 582 1093 quas
606 1025 723 1070 omnes
745 1004 782 1070 in
805 1004 893 1071 libro
911 1003 983 1091 ,περὶ
1004 1002 1100 1091 ὕψους
1124 1007 1182 1092 (de
1198 1027 1265 1095 quo
1280 1006 1387 1090 infra)

327 1120 527 1208 complexus
551 1126 614 1204 est,
638 1126 671 1185 et
692 1120 741 1186 ita
765 1119 912 1207 quidem,
935 1126 973 1185 ut
991 1140 1036 1187 ex
1051 1119 1175 1189 Atticis
1195 1122 1387 1188 oratoribus

327 1255 416 1325 quae
439 1235 609 1302 vocabula
632 1232 915 1322 καλλιρῤημισύνης
940 1241 1066 1319 essent,
1089 1258 1178 1324 quae
1199 1239 1311 1304 minus
1335 1257 1387 1303 es·

328 1357 420 1436 sent,
451 1371 539 1439 quae
574 1351 617 1416 ab
647 1351 839 1418 oratoribus
864 1357 960 1438 apte,
991 1373 1079 1439 quae
1105 1353 1388 1421 inconvenienter

325 1467 503 1550 innovata,
522 1487 610 1555 quas
625 1466 806 1550 cotidiana,
830 1488 918 1555 quae
934 1467 1126 1535 inveterata
1142 1468 1311 1536 vocabula
1327 1465 1386 1532 ad·

327 1583 438 1649 hibita
462 1589 586 1665 essent,
610 1581 761 1647 doceret.
806 1581 882 1648 Hac
908 1584 996 1649 enim
1018 1585 1150 1650 ratione
1173 1582 1388 1670 fieri-potuit,

327 1704 367 1765 ut
391 1697 491 1763 etiam
511 1717 551 1763 ea
570 1697 753 1780 vocabula,
777 1718 866 1786 quae
882 1699 995 1785 potius
1012 1700 1291 1786 interpretatione
1309 1717 1388 1785 ege·

327 1817 422 1896 rent,
453 1834 554 1901 quam
585 1833 673 1901 quae
698 1819 839 1900 propter
877 1814 986 1880 solam
1017 1815 1206 1881 venustatis
1242 1814 1389 1900 speeiem

328 1928 598 1995 commendanda
625 1933 756 2013 essent,
790 1935 969 2014 tractaret3
1002 1929 1118 2019 qualia
1150 1929 1250 1997 nobis
1278 1949 1389 2016 pauca

327 2045 470 2112 tradunt
492 2043 727 2132 lexicographi
750 2044 808 2130 (ir.
831 2045 988 2129 25-28).

420 2485 506 2550 Tum
536 2486 573 2550 in
606 2484 733 2550 eisdem
761 2486 908 2571 scriptis,
939 2504 1027 2574 qnae
1059 2484 1103 2551 ad
1124 2482 1276 2550 Atticum
1307 2486 1389 2551 scri·

329 2600 436 2666 bendi
470 2620 580 2686 genus
610 2601 802 2685 pertinent,
837 2601 1068 2666 numerandus
1104 2607 1156 2666 est
1193 2600 1333 2666 libellus
1369 2623 1390 2668 a

329 2715 436 2782 Snida
460 2717 597 2800 allatus,
626 2722 776 2782 ceterum
799 2717 898 2781 nobis
920 2716 1080 2803 ignotus:
1105 2715 1180 2781 τίνι
1206 2717 1391 2802 διαφέρει

328 2827 543 2908 ὁἈττικὸς
571 2834 678 2917 ζῆλος
711 2835 772 2897 τοῦ
805 2828 995 2898 Ἀσιανοῦ.
1054 2832 1117 2897 Oui
1152 2851 1233 2896 num
1270 2831 1398 2897 similis-

328 2947 443 3030 fuerit‚
474 2968 574 3034 quem
602 2944 705 3013 κατὰ
731 2949 884 3033 Φρυγῶν
906 2943 935 3026 β’
964 2946 1118 3012 inscribit
1143 2946 1235 3012 idem
1257 2946 1384 3012 lexico·

328 3061 498 3148 graphus‚
533 3062 714 3128 admodum
743 3063 911 3127 incertum
943 3069 1010 3148 est3
1045 3061 1216 3129 Miillerus
1252 3063 1390 3149 quidem

328 3176 465 3263 (frgm.)
497 3184 615 3243 contra
642 3176 789 3244 Asianos
817 3177 975 3243 rhetores
1007 3178 1169 3265 scriptum
1197 3178 1304 3245 fuisse
1332 3199 1388 3244 su·

329 3292 488 3379 spicatur.
590 3377 592 3380 Ι
1003 3369 1014 3396 ⁸

417 3406 575 3493 Denique
596 3406 633 3472 in
659 3406 789 3472 scholio
813 3405 972 3472 Plautino
997 3408 1122 3474 codicis
1138 3405 1295 3472 Vaticani
1319 3405 1388 3490 (ed.

330 3521 477 3589 Ritsohl.
500 3523 536 3587 in
558 3521 786 3587 Alexandrin.
809 3521 898 3587 Bibl.
921 3543 954 3608 p.
978 3523 1028 3607 3):
1054 3522 1216 3602 „Caecius
1238 3522 1275 3586 in
1297 3541 1388 3586 com·

329 3645 444 3703 mento
468 3637 718 3704 comoediarum
741 3637 1002 3722 Aristophanis¹‘
1032 3637 1159 3704 ancili
1189 3657 1313 3702 nomen
1336 3656 1388 3703 re·

331 3751 544 3840 stituendnm
569 3772 644 3818 esse
668 3754 727 3820 vix
749 3753 958 3840 putaverim3
981 3774 1060 3818 nam
1082 3773 1126 3819 ne
1149 3753 1295 3841 vestigia
1317 3753 1390 3840 qui·

330 3866 407 3934 dem
437 3868 602 3955 indagare
634 3889 789 3954 possum,
826 3870 950 3956 quibus
980 3868 1072 3934 huno
1099 3868 1274 3934 rhetorem
1305 3866 1390 3932 alios

329 4005 433 4073 quam
455 4005 578 4073 prosae
601 3959 762 4050 orationis
787 3985 968 4070 scriptores
991 3983 1147 4070 attigisse
1171 3982 1334 4069 suspicer.

751 4235 963 4248 *-
