3290 5006
682 393 903 456 ..37-

641 569 689 638 ll.
713 571 753 635 lle
776 568 938 651 Hyperide.
1042 641 1044 646 ,

346 709 399 775 Fr.
425 711 467 774 22
490 709 547 775 vit.
570 711 601 774 X
626 730 687 776 orr.
712 710 777 777 849
801 711 845 775 D:
870 706 993 775 πάντων
1019 707 1053 775 δὲ
1074 703 1159 775 κατὰ
1185 704 1243 796 τὴν
1270 714 1321 793 δη·

256 820 404 907 μηγορίαυ
426 825 582 904 διενεγκεῖν
604 822 737 905 λέγεται,
763 823 915 888 τέτακται
940 821 974 889 δὲ
998 816 1044 889 ὑπ’
1080 823 1164 889 ίυίυυ
1185 818 1242 910 πρὸ
1265 829 1322 907 Δη-

257 937 430 1022 possesne
454 937 597 1022 ρέρουται
627 935 660 1002 δὲ
690 933 783 1002 αὐτοῦ
811 939 898 1024 Ἰλόγου
928 935 1139 1022 ἐβδομήκοντα
1168 931 1250 1004 ἑπτὰ
1280 927 1322 1004 ὧν

257 1051 373 1136 γνήσιοί
393 1050 449 1118 είσι
470 1049 663 1136 πεντήκοντα
683 1051 793 1138 soum)

651 1257 685 1321 l.
709 1259 749 1323 lle
772 1256 934 1324 lllnareho.

346 1400 399 1464 Fr.
422 1399 465 1463 23
487 1398 565 1464 ibid.
590 1399 655 1464 850
677 1399 704 1462 Ε
728 1397 870 1483 φέρονται
892 1395 925 1463 δὲ
941 1394 1032 1463 αὐτοῦ
1056 1394 1131 1485 [καὶ]
1147 1394 1230 1481 λόγου
1250 1396 1321 1482 γυρ-

257 1533 314 1578 σιοι
336 1509 486 1590 ἐξίκοντο
508 1511 657 1595 τέσσαρες.
667 1510 708 1596 ²⁹)
732 1511 849 1576 τούτων
871 1508 941 1576 ἔνιοι
962 1510 1255 1597 παραλαμβάνονται
1281 1505 1324 1594 ὦς

149 1651 151 1654 ·
253 1623 517 1711 Ἀριστογείτονος.
540 1619 680 1711 ζηλωτὴς
701 1624 734 1692 δὲ
755 1625 874 1709 ἐγέυετο
889 1619 1065 1712 Ὑπερείδου
1086 1623 1108 1710 ἢ
1131 1623 1174 1703 ὥς
1184 1650 1262 1705 τινες
1271 1622 1323 1694 διὰ

258 1733 294 1805 τὸ
322 1733 497 1824 schemata
527 1741 737 1824 repercussos<
762 1738 817 1805 καί
842 1734 878 1806 τὸ
905 1741 1039 1826 σφοδρόν.
1066 1739 1128 1806 cuir
1155 1743 1322 1829 σχημάτων

258 1851 281 1918 δ’
307 1850 400 1921 αὐτοῦ
422 1847 559 1940 μιμητὴς
580 1847 716 1939 ὑπάρχει

529 2211 639 2302 ’Υπὲρ
662 2216 795 2284 Λυσίου
817 2217 1046 2304 σύγγραμμα.

464 2384 531 2469 (vel
555 2383 705 2469 σύγκρισις
725 2383 893 2462 Πλάτωνος
913 2384 968 2451 καί
988 2385 1123 2471 Λυσίου.)
1236 2435 1240 2440 -

347 2531 399 2596 Fr.
424 2528 467 2592 24
491 2528 741 2612 Pseudolongin.
765 2523 832 2611 περὶ
854 2521 906 2612 ip.
931 2529 984 2612 32,
1010 2531 1029 2591 7
1052 2523 1103 2592 ἐπὶ
1123 2521 1182 2612 γὰρ
1205 2524 1324 2604 τούτοις

261 2642 452 2727 (inusitatas
475 2645 645 2710 verborum
657 2643 888 2708 translationes
902 2642 996 2726 dicit)
1018 2637 1072 2706 καί
1093 2636 1147 2706 τὸυ
1168 2638 1325 2709 Πλάτωνα
1343 2733 1346 2738 1

261 2810 473 2824 -—--—

332 2907 365 2974 ²⁸)
384 2907 511 2963 Eundem
534 2923 676 2963 numerum
699 2908 774 2977 apud
793 2908 907 2963 suidam
925 2907 1076 2964 Bernhard.
1096 2911 1124 2962 et
1144 2907 1250 2977 Saupp.
1269 2923 1323 2965 orr.

260 2995 322 3051 Att.
340 2995 370 3049 11
388 3013 416 3065 p.
434 2997 486 3053 276
504 2997 694 3052 restituerunt.
732 2996 773 3051 At
790 2999 884 3066 priora
908 2997 996 3052 uerba
1020 3013 1076 3052 non
1101 2995 1213 3065 quidem
1239 2997 1322 3052 certis

259 3085 439 3154 argumentis,
458 3085 511 3140 ssd·
525 3085 732 3154 probabilitatis
752 3084 872 3154 quadam
891 3084 984 3154 specie
1003 3085 1102 3139 ductus
1122 3085 1245 3140 Caecilio
1262 3085 1325 3142 vin-

261 3170 361 3229 dicavi.

330 3261 363 3328 ²⁹)
382 3262 535 3333 Dionysius
555 3267 658 3328 contro,
678 3278 784 3331 exque
804 3267 898 3317 cetera
918 3261 998 3317 huius
1010 3260 1087 3316 vitas
1100 3261 1247 3329 desumpta
1260 3265 1325 3315 sunt

260 3354 364 3422 (pauca
382 3355 474 3407 tamen
493 3351 625 3420 excipio),
650 3351 797 3421 sexaginta
814 3355 921 3406 tantum
939 3342 1076 3422 genuinas
1095 3351 1238 3405 orationes
1259 3365 1324 3406 snu-

259 3443 356 3500 merst
375 3444 411 3508 st,
430 3454 492 3492 cnm
511 3442 605 3493 cetera
627 3437 756 3493 simillimi
776 3439 832 3493 sint
844 3443 968 3507 uterque,
986 3439 1015 3492 in
1026 3437 1177 3508 figurarum
1189 3438 1326 3494 varietate

259 3541 277 3579 a
294 3527 484 3582 Demosthene
502 3526 671 3594 Dinarchum
689 3526 797 3581 differre
813 3530 903 3597 putat.
941 3526 1040 3595 Itaque
1058 3526 1128 3581 haee
1147 3541 1183 3580 cx
1201 3526 1250 3581 illo
1267 3541 1323 3582 non

258 3617 378 3682 possunt
400 3619 532 3683 excerpta
556 3629 630 3671 esse.
650 3643 685 3654 -
705 3613 779 3678 Quid
800 3629 870 3669 vcro
888 3609 1093 3684 Aristogitonis
1119 3614 1263 3670 orationes
1289 3629 1324 3668 ex

258 3701 329 3769 ipsis
349 3701 478 3756 Dinarchi
504 3702 632 3774 genuinis
652 3703 750 3756 iterum
768 3706 903 3770 exceptos
922 3700 977 3757 sibi
995 3702 1084 3756 velint
1100 3717 1156 3757 non
1174 3701 1323 3772 intellsg0;

259 3790 313 3844 nisi
331 3790 361 3844 id
379 3794 502 3844 statuere
519 3790 600 3860 velis,
620 3790 771 3845 Caecilium
789 3791 899 3859 spurias
927 3806 1036 3860 quoque
1054 3791 1187 3845 Dinarchi
1214 3805 1324 3846 enume-

257 3884 366 3935 rantem
384 3893 478 3933 earum
496 3877 601 3948 aliquot
621 3878 807 3949 Aristogitoni
825 3878 1004 3946 vindicass03
1030 3882 1090 3933 tum
1108 3878 1256 3946 scriptoris
1275 3893 1323 3933 ne-

259 3967 402 4039 glegentia
421 3967 525 4036 ahquid
544 3967 692 4037 excidisse,
711 3967 786 4036 quod
803 3967 844 4021 ita
860 3966 919 4022 iere
935 3966 1136 4021 restituendum
1156 3965 1207 4020 sit:
1227 3969 1324 4036 φέρον-

259 4072 304 4108 ται
322 4054 355 4108 er
373 4053 458 4108 αὐτοῦ
475 4055 532 4124 loy
549 4075 595 4124 γν.
614 4055 652 4128 ἕξ.
682 4071 755 4108 teuc.
782 4055 840 4107 καὶ
868 4055 1157 4126 κατεψευσμένοι
1185 4054 1325 4123 (sequitur

216 4213 223 4224 ι
258 4147 409 4213 numerus)·
428 4143 530 4196 τούτων
548 4143 616 4197 ἔνιοι
633 4145 688 4196 κτλ
