3290 5006
698 453 917 516 ..51-

284 635 318 696 et
355 650 399 696 ex
431 627 492 694 illo
529 627 667 712 quidem
695 627 832 694 Isaeum
867 633 900 692 ct
922 626 1133 692 Dinarchum
1165 628 1344 692 maximam

280 752 411 833 partem
429 746 471 812 ad
500 745 643 809 verbum
664 743 851 830 descriptos
872 763 946 808 1111
966 744 1032 808 iam
1053 741 1219 809 alii'rests
1240 745 1342 810 anim·

287 863 520 931 adverterunt.
577 861 645 925 Sed
681 860 848 926 Caecilius
878 879 1015 946 quoquc
1052 859 1104 923 bis
1140 861 1281 925 affertur
1308 862 1343 927 in

283 977 425 1064 Antiph.
450 984 484 1042 ct
506 974 633 1041 Aesch.
658 975 701 1040 ds
724 976 904 1062 utriusque
928 974 1063 1040 dicendi
1090 974 1250 1061 magistro
1282 976 1344 1041 ali-

284 1093 366 1179 quid
392 1092 580 1178 suspicans.
625 1091 670 1156 Et
700 1090 833 1176 saepius
864 1089 1011 1155 eundem
1035 1088 1219 1155 Caecilium
1250 1091 1344 1156 adhi-

284 1209 393 1273 bitum
418 1227 493 1272 esse
517 1206 598 1270 inde
622 1206 724 1272 facile
749 1204 910 1287 conicias,
946 1205 1036 1289 quod
1059 1211 1196 1290 praeter
1219 1204 1346 1271 Caecili

284 1324 420 1405 librum,
449 1324 476 1388 si
500 1342 621 1386 revera
642 1322 757 1407 paullo
780 1326 901 1407 postea
923 1319 979 1385 hic
999 1319 1139 1387 libellus
1165 1326 1258 1386 ortus
1283 1328 1346 1404 est,

284 1439 381 1504 nulla
404 1438 461 1504 uel
483 1458 593 1523 pauca
612 1443 684 1501 tum
706 1436 866 1522 temporis
892 1434 958 1500 alia
983 1435 1107 1520 scripta
1137 1435 1179 1500 de
1207 1435 1344 1502 univer·

284 1554 329 1618 sis
355 1553 473 1619 decem
498 1553 688 1616 oratoribus
713 1557 809 1618 erant
827 1551 928 1616 edita.
974 1547 1075 1615 Addo
1097 1551 1198 1615 etiam
1210 1550 1346 1637 Didymi

285 1668 495 1754 grammatici
525 1667 566 1732 de
596 1667 714 1732 decem
743 1666 937 1732 oratoribus
971 1667 1229 1730 commentarios
1265 1665 1345 1731 huic

286 1783 441 1869 scriptori
462 1783 597 1868 ignotos
630 1783 737 1848 fuisse
764 1781 888 1864 videri,
918 1781 1009 1865 quod
1038 1781 1099 1847 ille
1127 1780 1345 1866 Hermogene

285 1896 352 1982 περὶ
375 1897 459 1963 ἰδεῶν
480 1894 528 1979 ΙΙ,
549 1899 587 1960 11
614 1897 737 1982 (Walz.
758 1895 1004 1981 v01.111‚385)
1030 1901 1167 1962 1111111
1192 1897 1345 1963 diversos

287 2013 520 2098 Antiphontes
545 2013 672 2077 diserte
702 2017 908 2094 secreverat,
937 2016 1054 2076 noster
1086 2011 1175 2076 vitae
1206 2012 1347 2098 scriptor

287 2128 406 2215 plures
432 2128 599 2193 confudit.
646 2127 713 2193 Sed
735 2133 872 2214 praeter
895 2127 962 2192 duo
993 2125 1054 2192 illa
1077 2133 1346 2211 commemorata,

288 2263 376 2329 quac
413 2221 559 2308 ¹Caecilio
601 2242 740 2326 debeat,
781 2242 916 2306 omnino
945 2241 1080 2308 reticuit
1107 2263 1219 2328 neque
1247 2243 1345 2308 nobis

287 2357 514 2443 probabiliter
539 2357 729 2424 coniciendi
754 2379 870 2434 ansam
898 2358 1035 2445 reliquit
1059 2358 1118 2443 (cf.
1138 2362 1252 2422 tamen
1271 2357 1343 2422 inl

288 2471 427 2556 1114).

374 2586 455 2653 Alia
486 2588 610 2654 deinde
639 2590 873 2655 accessionum
903 2589 988 2654 ratio
1017 2594 1081 2672 est,
1115 2590 1176 2655 ubi
1212 2590 1346 2676 saepius

285 2711 344 2769 aut
369 2703 554 2769 Caecilium
583 2703 723 2769 allatum
752 2705 906 2770 uidemus
931 2710 990 2768 aut
1012 2705 1115 2769 tacite
1140 2704 1346 2790 descriptum

223 2904 226 2909 ,
287 2822 520 2885 demonstrare
549 2835 741 2904 possumus.
787 2820 840 2885 Ne
864 2820 986 2907 longus
1012 2820 1088 2902 sim,
1121 2840 1345 2905 quaecunque

285 2935 328 2999 dc
359 2934 551 2998 orationum
582 2935 772 3024 spuriarum
804 2941 863 2999 aut
891 2934 1115 3020 genuinarum
1142 2954 1282 2998 numero
1313 2940 1346 2999 et

284 3049 413 3115 ibidem
437 3070 540 3135 saepe
572 3049 615 3114 dc
639 3055 810 3116 oratorum
833 3069 959 3134 genere
984 3050 1119 3115 dicendi
1140 3049 1346 3133 iudicantur,

286 3186 326 3231 ea
350 3166 462 3230 omnia
487 3166 530 3231 ad
553 3165 724 3231 rhetorem
747 3172 902 3231 nostrum
920 3166 1104 3232 referenda
1121 3173 1214 3251 puto.
1249 3166 1344 3232 Haec

285 3282 424 3368 quidem
449 3282 562 3346 omnia
586 3303 629 3346 ex
658 3303 726 3347 uno
759 3283 847 3349 libro
872 3291 1032 3370 excerpta
1057 3304 1132 3350 1111
1154 3285 1220 3349 iam
1244 3306 1346 3370 supra

283 3399 414 3464 conieci
437 3418 500 3464 nec
525 3398 643 3463 dubito
661 3396 787 3463 ancili
806 3399 904 3465 illum
927 3400 1052 3465 librum
1075 3399 1182 3465 fuisse
1205 3405 1344 3466 conten·

284 3511 380 3597 dere3
403 3513 431 3578 is
457 3513 605 3578 enimin
629 3512 854 3599 Antiphonte,
877 3513 993 3602 Lysia,
1023 3514 1176 3581 Isocrate
1200 3515 1271 3580 eius
1296 3515 1345 3580 rei

283 3632 402 3692 auctor
437 3629 649 3712 nominatur,
683 3630 719 3693 in
748 3628 921 3695 Aeschine
957 3636 990 3696 et
1017 3629 1116 3696 Isaeo
1148 3631 1222 3697 aliis
1250 3631 1344 3696 testi·

281 3741 403 3806 moniis
421 3762 542 3807 revera
558 3763 633 3810 esse
649 3744 747 3810 nobis
767 3745 1017 3812 demonstratus
1035 3752 1096 3812 est.
1142 3745 1231 3821 Quid
1255 3746 1343 3810 enim

280 3857 427 3922 mirum?
452 3856 517 3931 Qui
540 3860 602 3926 has
627 3867 724 3927 notas
748 3862 826 3927 vitis
852 3862 1031 3948 adscripsit
1054 3863 1142 3928 forte
1166 3883 1209 3926 ne
1232 3861 1343 3947 potuit

282 3973 420 4061 quidem
455 3973 496 4037 ab
530 3974 602 4041 aliis
641 3997 741 4062 quam
770 3999 790 4042 1
818 3977 984 4064 Dionysio
1016 3985 1050 4043 et
1081 3977 1228 4042 Caecilio
1259 3975 1343 4042 talia

282 4112 434 4175 sumere,
459 4091 591 4178 'quippe
616 4093 674 4178 qui
697 4093 794 4179 primi
819 4098 933 4158 111111
962 4094 1021 4179 qui
1043 4093 1127 4158 talia
1150 4095 1341 4160 accuratius

282 4213 594 4293 perscrutarentur,
616 4213 745 4273 111111
762 4228 806 4273 ex
823 4208 966 4297 Dionysi
985 4208 1027 4274 de
1043 4206 1158 4296 Lysia,
1178 4206 1343 4293 Isocrate,
