3290 5006
739 397 958 459 „36-

408 575 461 640 Fr.
487 575 527 639 21
552 572 689 658 Dionys.
714 593 764 658 cp.
793 571 846 638 sd.
872 573 928 640 On.
953 575 1063 658 Pomp.
1086 575 1141 657 VI,
1174 576 1239 640 777
1262 577 1300 640 R.
1326 597 1384 660 της

320 682 459 774 φράσους
481 681 543 750 τῶν
564 684 725 770 νοημάτων
738 684 776 772 ²⁵)
799 679 835 750 τὸ
859 683 914 770 μὲν
934 679 1020 750 κατὰ
1043 685 1127 772 φύσιν
1138 679 1305 772 Ἡρόδοτος
1317 687 1383 773 ἐζή-

317 805 404 881 λωσε,
426 796 462 867 τὸ
485 798 518 865 δὲ
539 793 630 866 δειυδυ
647 797 839 884 Θουκυδίδης.
872 794 986 866 Ποισῶυ
1008 801 1038 864 ἐν
1057 797 1201 885 tipice)
1227 796 1382 888 ἀροτῶυὴ

316 914 481 1001 neptensis-q
507 911 542 980 τὸ
565 915 684 1000 πρέπον.
716 911 833 998 ταύτην
856 905 1057 999 ὃἯρόδοτος
1084 910 1203 999 ἀκριβοῖ
1228 914 1340 1001 μᾶλλον
1360 913 1383 1002 ἤ

318 1028 511 1114 Θουκυδίδης.
544 1023 682 1114 ὁμοειδὴς
707 1025 766 1114 γὰρ
795 1017 882 1105 οὗτος
908 1029 938 1094 ἐν
961 1025 1037 1096 πᾶσι
1063 1026 1123 1094 κάν
1150 1036 1220 1107 ταῖς
1249 1033 1382 1114 δημηγο-

318 1143 396 1229 ρίαις
418 1140 531 1228 μᾶλλον
553 1139 575 1228 ἦ
597 1149 667 1220 ταῖς
688 1145 867 1228 διηγήσεσιν.
889 1139 956 1228 ἐμοὶ
978 1145 1081 1229 μέντοι
1101 1141 1156 1208 καὶ
1177 1140 1221 1233 τῷ
1244 1143 1382 1232 φιλτάτῳ

286 1303 295 1328 ι
317 1256 465 1346 Καικιλίῳ
487 1253 633 1322 δοκεῖτὰ
655 1254 861 1342 ἐυδυμήματα
884 1253 976 1322 αὐτοῦ
999 1255 1135 1342 μάλιστά
1156 1281 1191 1342 γε
1213 1255 1267 1323 καὶ
1288 1256 1382 1343 ζηλῶ-

318 1394 369 1438 σαι
391 1373 646 1456 sepossedeo)

317 1582 408 1651 κρίσιν
426 1581 457 1632 ιδ
475 1579 594 1648 ἀσφαλὲς
612 1581 724 1650 dicitur;
742 1581 795 1635 hoc
815 1581 887 1636 enim
905 1580 1034 1651 impedit,
1059 1596 1095 1634 ne
1113 1581 1278 1652 Dionysium
1297 1583 1381 1653 signi-

317 1667 395 1724 ficari
415 1673 580 1738 statuamus,
600 1669 673 1739 quod
692 1670 764 1724 hunc
784 1671 812 1724 in
830 1669 933 1724 iudicio
952 1670 1132 1724 decretione
1157 1674 1254 1725 contro
1272 1670 1381 1725 Aristo-

318 1757 440 1828 gitonem
456 1753 586 1811 faciendo
604 1758 698 1824 paullo
718 1761 783 1811 ente
802 1757 923 1826 maligne
947 1757 1091 1810 vellicavit
1116 1757 1142 1811 is
1162 1773 1243 1826 quem
1266 1759 1380 1813 Photins

317 1844 456 1912 excerpsit
482 1861 509 1912 p.
528 1845 589 1899 491.
609 1861 634 1898 a.
652 1845 698 1913 323
723 1861 779 1898 non
798 1844 882 1914 igitur
900 1844 960 1898 ficri
978 1849 1084 1914 potest,
1111 1848 1141 1898 ut
1168 1845 1258 1898 eidem
1286 1847 1380 1900 stetim

302 1936 383 2002 ‘post
396 1949 527 1987 summam
543 1933 652 1987 leudem
670 1933 811 1998 tribuerit3
830 1933 859 1986 id
878 1933 1025 2002 quodiam
1044 1933 1162 1988 Meierus
1182 1939 1325 1989 comment.
1339 1934 1381 1989 IV

318 2021 353 2074 dc
371 2018 512 2076 Andocid.
532 2026 617 2077 contr.
638 2021 700 2075 Alc.
720 2038 758 2075 or.
778 2026 835 2076 not.
855 2023 906 2088 763
925 2037 1022 2090 opusc.
1040 2038 1068 2090 p.
1088 2023 1122 2078 89
1141 2021 1344 2078 animadvertit.

390 2126 422 2193 ²⁵)
447 2127 597 2197 Vulgutum
624 2128 771 2182 lectionem
802 2125 946 2198 ὀνομάτων
972 2129 1071 2184 Reisk.
1098 2130 1185 2184 variis
1214 2129 1380 2184 coniecturis

318 2215 465 2270 emendare
485 2217 591 2286 studet,
617 2217 760 2286 Kriigerus
778 2216 910 2286 Dionysii
929 2217 1150 2288 Histoi-iograph.
1170 2216 1305 2286 defendit;
1330 2217 1381 2272 ssd

317 2303 409 2358 omniu
434 2320 505 2372 qnae
533 2308 597 2358 ante
622 2304 776 2373 Dionysius
797 2309 964 2372 exposuerat
982 2305 1018 2358 ud
1038 2305 1142 2374 φράσιν
1159 2303 1303 2376 ὀνομάτων
1319 2321 1380 2374 per·

318 2391 462 2459 tinebant3
486 2391 541 2445 ium
565 2392 649 2461 igitur
672 2393 708 2446 ad
733 2393 807 2445 aliud
824 2394 980 2461 procedens
1005 2394 1180 2462 periodorum
1199 2383 1380 2449 constructio

318 2495 381 2535 nem
400 2484 428 2534 et
447 2480 587 2534 schemate
605 2480 761 2550 significet3
785 2480 813 2532 id
832 2481 907 2548 quod
926 2497 961 2534 ex
984 2483 1046 2537 loco
1070 2497 1132 2536 cum
1155 2487 1215 2537 toto
1240 2482 1292 2536 hoc
1310 2486 1381 2536 trac-

318 2572 378 2622 tatu
402 2569 448 2622 vel
472 2569 590 2621 mexime
613 2574 781 2638 congruente
808 2569 942 2624 conicias:
970 2571 1023 2622 τῶν
1049 2569 1110 2641 ἅρχ.
1134 2573 1204 2642 κρίσ.
1229 2571 1256 2626 V
1275 2573 1328 2626 424
1345 2571 1379 2626 R.

321 2655 402 2728 ῥώμῃ
423 2655 519 2708 δὲκαὶ
541 2655 620 2726 ἰσχύι·
634 2657 681 2708 καὶ
706 2656 776 2729 τόνῳ
801 2658 848 2710 καὶ
874 2661 1045 2732 τῷπεριττῷ
1072 2663 1127 2712 καὶ
1154 2661 1381 2730 πολυσχημα-

318 2748 425 2816 etseq)
451 2745 678 2817 παρηυδοκίμησε
696 2743 794 2810 ’Θουκς
818 2745 909 2820 ἡδονῇ
935 2747 1031 2800 δὲκαὶ
1049 2747 1208 2800 πειθοῖκαὶ
1226 2746 1318 2818 χάριτι
1335 2747 1381 2799 καὶ

318 2833 356 2905 τῷ
374 2831 470 2900 ἀφελεῖ
489 2833 660 2902 αὕτοφυεῖ
682 2833 905 2907 ἀβασανίστῳ
924 2837 1020 2908 μακρῷ
1045 2835 1222 2904 διενεγκόντα
1241 2836 1289 2887 τὸν
1303 2834 1380 2906 Ἡρό-

318 2921 400 2972 δοτον
418 2921 589 2994 εὑρίσκομεν.
626 2923 755 2978 Nimirum
775 2929 803 2978 et
821 2925 868 2978 illa
893 2922 1015 2995 ἀρχαίων
1034 2928 1122 2996 κρίσις
1147 2929 1174 2978 et
1199 2939 1271 2992 quae
1289 2923 1333 2977 hic
1351 2924 1379 2976 in

318 3010 398 3078 epist.
418 3011 454 3064 ed
474 3011 523 3068 Gn.
542 3011 637 3080 Pomp.
657 3017 846 3081 exponuntur,
873 3028 888 3065 e
907 3013 1027 3082 Dionysi
1055 3013 1126 3066 libro
1150 3011 1216 3082 περὶ
1234 3010 1380 3082 μιμήσεως

319 3104 450 3168 excerpta
470 3103 535 3153 sunt
554 3098 600 3166 (cf.
617 3099 709 3168 ipsum
727 3100 847 3170 Dionys.
867 3115 911 3168 ep.
930 3099 967 3154 ad
986 3101 1037 3156 Gn.
1057 3101 1152 3168 Pomp.
1177 3116 1237 3168 cup.
1257 3099 1380 3154 illinit.

389 3273 421 3340 ²⁰)
441 3274 547 3344 Vulgo:
570 3273 742 3346 Θουκυδίδης
761 3273 896 3347 ὁμοειδής
914 3275 967 3332 πᾶς
986 3275 1024 3326 ὢν
1043 3273 1074 3327 ἓν
1087 3275 1185 3342 λόγοις.
1204 3273 1309 3345 ἀρετῶν
1326 3274 1379 3324 κτλ.

316 3363 463 3416 verborum
483 3363 623 3418 distinctio
636 3379 717 3431 quam
729 3363 811 3431 posui
824 3364 989 3431 probatione
1001 3379 1057 3417 non
1071 3367 1149 3432 eget3
1168 3360 1300 3433 ὁμοειδής
1311 3375 1379 3415 vero

316 3451 399 3505 tiociis
419 3468 454 3505 ex
473 3451 653 3520 sequentibus
673 3451 725 3504 huc
744 3453 867 3520 irrepere
885 3451 983 3519 potuit.

389 3538 421 3606 Π)
439 3539 592 3608 Dionysius
605 3539 747 3593 Herodoto
765 3539 795 3589 τὸ
805 3539 873 3590 κατὰ
889 3542 981 3606 φύσιν,
1003 3538 1161 3608 Thucydidi
1180 3537 1314 3590 τὸδεινόν
1331 3536 1379 3589 tri-

315 3629 404 3684 buens
423 3627 491 3682 nihil
510 3627 584 3681 eliud
603 3627 759 3697 significare
777 3628 838 3680 vult
856 3642 938 3694 quem
955 3626 999 3679 id:
1019 3627 1187 3694 Herodotus,
1206 3629 1237 3678 ut
1255 3626 1319 3694 ipsc
1330 3641 1379 3679 na·

315 3721 378 3771 turs
401 3715 470 3785 fort,
503 3717 674 3769 cnuncistum
702 3715 849 3769 cnuncisto
874 3715 991 3784 asserit,
1024 3715 1203 3784 'thucydides
1228 3713 1379 3768 artificiose

206 3831 212 3844 ·
316 3805 372 3859 elia
390 3804 452 3858 aliis
472 3803 613 3871 implectit‚
640 3807 671 3856 ut
690 3803 858 3856 audientium
877 3805 923 3857 vel
942 3803 1091 3872 legentium
1111 3803 1218 3857 animos
1238 3802 1378 3870 uttendct3

314 3892 344 3945 id
363 3892 437 3960 quod
455 3887 659 3946 Demosthenes
678 3890 802 3944 imitatus
828 3894 886 3955 est;
910 3892 1004 3959 (plane
1030 3889 1145 3944 eundem
1171 3891 1313 3958 utriusque
1341 3888 1378 3942 si·

315 3980 494 4035 militudinem
514 3980 628 4046 exponit
644 3979 700 4033 iud.
721 3979 755 4032 de
774 3978 861 4034 Thuc.
880 3994 940 4046 cap.
959 3981 1004 4042 52)
1029 3967 1066 4031 in
1083 3978 1136 4031 hoc
1154 3981 1254 4045 tumen,
1281 3975 1377 4044 inquit,

307 4061 495 4140 'Thucydides
515 4073 622 4137 peccet,
641 4068 715 4136 quod
734 4080 843 4134 semper
862 4065 1013 4119 artificioso
1026 4065 1079 4119 hoc
1089 4065 1264 4132 periodorum
1277 4077 1379 4133 genere

314 4157 407 4227 utitur,
429 4157 510 4211 etism
529 4161 587 4210 tum
606 4172 666 4210 cum
684 4171 739 4210 non
760 4155 842 4208 decet
860 4153 1021 4209 orationem.
