3290 5006
725 389 945 451 -so-

298 562 435 648 quidem
464 561 762 628 Westermannus.
807 560 855 628 At
883 585 924 630 ea
953 564 1020 630 hoo
1053 557 1165 631 solum
1201 566 1361 652 probant,

298 677 531 744 accessiondm
562 677 657 744 initia
691 699 761 743 non
794 679 901 764 magis
932 679 1024 745 infra
1054 681 1236 746 statuenda
1270 702 1361 767 esse3

298 801 378 860 sunt
395 814 477 860 vero
495 794 595 860 etiam
617 800 696 858 ante
712 793 774 859 hos
787 793 1041 860 Westermanni
1063 797 1236 880 terminos,
1261 818 1361 884 quae,

299 911 449 996 quodin
472 911 704 995 prioreparte
730 908 917 976 desiderari
939 917 1094 997 possunt,
1127 913 1155 976 si
1179 913 1252 978 aliis
1277 935 1358 980 oau-

299 1026 343 1090 sis
376 1025 546 1110 cogimur,
581 1024 625 1088 ab
659 1024 720 1087 illa
750 1024 857 1109 prima
888 1025 978 1090 vitae
1010 1025 1272 1092 adumbratione
1308 1049 1358 1095 se·

299 1160 438 1204 cernere
463 1145 497 1203 et
519 1139 554 1202 in
580 1137 794 1203 accessiones
818 1139 948 1204 referre
973 1139 1148 1207 debemus.
1200 1141 1300 1217 Quod
1323 1148 1361 1208 ut

298 1253 461 1318 faciamus
486 1253 572 1324 haec
595 1251 679 1318 mihi
703 1274 807 1318 causa
830 1273 904 1319 esse
924 1253 1074 1320 videtur:
1097 1255 1133 1319 in
1151 1275 1359 1343 unoquoque

297 1369 439 1434 istorum
463 1368 780 1433 commentariorum
803 1373 983 1454 postquam
1010 1369 1081 1436 vita
1112 1371 1255 1435 oratoris
1279 1393 1357 1436 nar-

297 1491 372 1551 rata
396 1492 462 1568 est,
494 1485 664 1551 orationes
700 1489 733 1550 et
764 1483 831 1548 alia
856 1484 982 1570 scripta
1012 1487 1127 1572 spuria
1150 1492 1183 1552 et
1206 1489 1358 1573 genuina

299 1603 431 1667 disertis
456 1601 605 1666 numeris
634 1600 684 1684 (hi
705 1605 821 1664 tamen
844 1599 879 1664 in
903 1598 1082 1665 Andocide
1107 1601 1244 1686 desunt)
1277 1623 1360 1668 enu-

296 1723 488 1802 merantur,
525 1716 629 1800 idque
665 1734 797 1800 semper
839 1713 959 1778 ecdem
996 1714 1069 1780 fere
1102 1715 1196 1798 loco,
1232 1717 1360 1782 eisdem

298 1831 371 1896 lere
395 1829 509 1896 verbis
529 1827 581 1893 fit:
605 1829 748 1913 φέρονται
770 1825 794 1892 δ’
818 1823 912 1894 αὐτοῦ
936 1831 1003 1893 κτλ.
1051 1828 1146 1904 Quae
1170 1831 1362 1916 argumenti

298 1952 332 2011 et
366 1946 551 2011 verborum
591 1930 774 2007 similitudo
809 1943 1034 2029 probabiliter
1077 1945 1178 2009 docet
1213 1965 1257 2010 ex
1292 1966 1360 2010 uno

298 2061 485 2146 eodemque
518 2059 697 2146 scriptore,
730 2059 787 2146 qui
817 2060 900 2126 talia
926 2060 1154 2145 inquisiverit,
1186 2060 1272 2124 haec
1302 2080 1361 2124 ex·
1415 2089 1416 2092 ¹

298 2175 422 2261 scripta
446 2194 537 2260 esse;
568 2175 626 2261 qui
651 2179 764 2239 autem
788 2172 894 2239 semel
917 2174 1000 2239 talia
1024 2175 1207 2260 excerpsit,
1237 2175 1278 2239 ab
1304 2195 1360 2239 eo·

299 2291 376 2356 dem
405 2310 493 2376 quae
525 2289 561 2354 in
585 2288 708 2355 ceteris
736 2289 813 2354 vitis
849 2288 970 2353 similia
1003 2289 1168 2375 leguntur
1198 2294 1360 2374 excerpta

298 2425 373 2472 esse
396 2405 550 2492 putanda
574 2410 672 2489 sunt3
699 2403 815 2488 itaque
844 2404 906 2468 illa
930 2405 1042 2470 omnia
1065 2411 1123 2470 aut
1146 2405 1190 2469 ad
1213 2404 1361 2489 priorem

296 2528 429 2608 partem
465 2526 523 2586 aut
551 2519 594 2584 ad
627 2518 841 2584 accessiones
873 2519 1055 2603 pertinent.
1106 2519 1179 2585 Iam
1214 2539 1291 2584 ourn
1325 2519 1360 2583 in

298 2637 466 2718 Isocrate,
499 2634 675 2721 Lycurgo,
705 2633 936 2698 Demosthene
959 2635 1049 2699 inter
1073 2634 1286 2699 accessiones
1312 2633 1362 2697 le·

297 2756 435 2836 gantur,
459 2771 591 2835 semper
613 2749 682 2815 huo
705 2749 947 2815 transferenda
970 2755 1060 2815 sunt.
1108 2748 1221 2823 Quare
1246 2753 1362 2813 cetera

299 2866 435 2951 quidem
470 2864 727 2930 Westermanni
759 2865 960 2929 sententiam
993 2868 1151 2944 secutus,
1187 2863 1224 2926 in
1256 2862 1362 2954 Lysia

297 3004 375 3069 pag.
400 2983 464 3047 836
488 2980 520 3046 Α
542 2981 624 3046 inde
649 3003 669 3045 a
691 2979 806 3047 verbis
830 2981 973 3065 φέρονται
995 2977 1029 3043 δὲ
1052 2975 1168 3059 αὐτοῦ,
1202 2977 1238 3040 in
1262 2975 1360 3043 Isaeo

299 3098 404 3162 839F
428 3097 508 3162 inde
532 3118 567 3162 a:
590 3097 796 3162 καταλέλοιπε
820 3092 863 3174 δὲ,
885 3095 921 3158 in
945 3093 1118 3158 Aeschine
1145 3091 1256 3155 8401)
1278 3091 1360 3156 inde

300 3236 320 3279 a
335 3214 478 3300 φέρονται
489 3210 533 3294 a,
548 3212 585 3276 in
597 3209 773 3297 Hyperide
787 3211 851 3273 849
864 3208 895 3272 D
913 3228 981 3272 non
996 3213 1072 3293 post
1092 3207 1198 3272 verba
1218 3208 1362 3293 φέρονται
1377 3195 1380 3200 ’

299 3327 343 3411 δὲ,
365 3328 401 3392 in
417 3326 589 3392 Dinarcho
613 3346 693 3411 pag.
708 3325 772 3388 850
793 3323 821 3388 E
845 3321 925 3388 inde
950 3324 1128 3409 θφέρονται
1150 3319 1183 3385 δὲ
1207 3321 1358 3402 alterius,

300 3464 402 3531 quam
426 3441 508 3524 dixi,
530 3440 635 3526 partis
659 3438 755 3504 initia
768 3458 878 3523 pono,
900 3438 936 3502 in
951 3435 1131 3501 Andocide
1154 3435 1214 3499 ubi
1237 3455 1359 3521 ponam

300 3557 425 3623 dubius
448 3557 588 3619 haereo.
1194 3621 1198 3628 ,

389 3670 457 3736 Sed
487 3669 555 3734 iam
583 3666 626 3730 de
658 3665 875 3748 auctoribus,
907 3666 1030 3751 quibus
1062 3670 1207 3747 uterque
1230 3667 1272 3758 'et
1303 3662 1360 3748 qui
1393 3665 1396 3669 ’

266 3779 268 3782 ’
301 3789 405 3854 vitam
430 3783 564 3870 scripsit
588 3786 622 3846 et
646 3781 705 3865 qui
727 3787 842 3846 cetera
865 3779 1036 3865 congessit
1065 3777 1118 3842 usi
1140 3777 1222 3860 sint,
1255 3798 1360 3862 quan·

299 3910 372 3966 turn
394 3901 439 3964 ad
462 3919 534 3965 rem
556 3896 762 3983 propositam
785 3895 945 3981 pertinet,
969 3893 1137 3976 dicamus,
1162 3897 1195 3956 et
1217 3892 1361 3977 primum

302 4015 438 4101 quidem
470 4013 513 4079 de
543 4013 592 4077 eis
626 4010 750 4096 quibus
782 4009 873 4074 vitae
904 4007 1056 4092 scriptor.
1101 4005 1303 4091 Dionysium
1327 4010 1362 4068 et

301 4129 487 4195 Caecilium
511 4147 628 4194 eorum
660 4124 716 4210 qui
749 4122 966 4188 nominantur
994 4119 1242 4186 recentissimos
1275 4137 1362 4200 esse,
