3290 5006
720 397 941 460 ,10-

301 596 415 641 mann.
439 575 632 660 suspicatur
647 575 706 640 vit.
723 575 757 639 X
772 597 839 640 orr.
853 574 963 660 praef.
982 573 1037 656 11)
1064 579 1123 637 aut
1138 573 1223 638 alius
1248 573 1362 638 cuius·

307 691 385 756 dam
408 691 540 777 scriptis
566 690 762 777 deprompta
786 692 932 757 fortasse
955 689 1090 775 saepius
1117 688 1191 775 ipsa
1205 688 1363 772 adposuit

302 806 430 892 (11.4).
476 805 556 870 Non
579 827 690 890 pauca
714 827 795 871 vero
818 807 930 872 minus
959 804 1059 869 certis
1088 803 1287 868 testimoniis
1312 803 1363 866 ni-

302 945 360 988 sus
387 922 584 987 coniciendo
609 943 713 987 ausus
740 943 815 987 esse
838 923 986 1006 videtur,
1010 945 1078 1009 quo
1104 940 1297 1006 exgenere
1321 911 1361 982 ca

302 1043 392 1120 sunt,
418 1058 505 1123 quae
530 1036 572 1102 de
595 1037 808 1122 Antiphonte
830 1037 1039 1125 Thucydidis
1065 1037 1121 1122 (f.
1144 1037 1189 1121 1),
1213 1033 1363 1100 (111111-
1477 1059 1480 1067 1
1589 1019 1596 1029 ’

304 1152 464 1222 damante
494 1150 675 1218 Aeschinis
707 1153 868 1238 magistro
897 1154 955 1238 (fr.
989 1153 1043 1237 12)
1074 1151 1255 1236 iudicavit,
1285 1171 1363 1214 nam
1489 1187 1500 1200 x

304 1268 393 1334 illud
418 1268 552 1354 quidem
576 1268 727 1354 quamvis
754 1269 868 1334 averi
892 1267 1114 1333 similitudine
1146 1265 1362 1357 non-abhor-

303 1389 388 1466 reat,
410 1389 523 1449 tamen
539 1404 608 1447 non
625 1384 690 1448 nisi
708 1405 751 1448 ex
768 1384 928 1449 laudibus
947 1384 1101 1466 coniecit,
1125 1383 1247 1468 quibus
1270 1380 1364 1444 Thu·

302 1501 443 1587 cydides
473 1499 578 1582 VIII,
610 1502 650 1564 68
687 1506 855 1566 oratorem
888 1502 985 1566 effert
1025 1501 1087 1585 (cf.
1116 1497 1262 1584 Kriiger.
1292 1499 1363 1564 vita

306 1615 415 1680 Thuc.
440 1615 605 1700 33-37);
637 1616 858 1701 similiterque
882 1616 1022 1681 alterius
1047 1615 1261 1680 coniecturae
1284 1613 1362 1677 fon·

300 1739 370 1798 tem
397 1732 681 1798 Westermannus
714 1732 817 1818 (ibid.
845 1753 923 1826 pag.
953 1736 972 1797 8
1000 1739 1070 1796 not.
1097 1731 1155 1815 19)
1186 1731 1301 1794 locum
1326 1731 1363 1794 in

301 1847 482 1912 Aeschinis
508 1848 660 1912 oratione
684 1869 713 1913 c.
738 1847 829 1913 Otos.
858 1850 886 1932 ἓ.
918 1849 979 1912 138
1012 1869 1087 1913 csse
1115 1845 1285 1933 sagaciter
1311 1845 1361 1910 in-

301 1964 499 2049 vestigavit,
530 1965 591 2030 ubi
629 1964 817 2030 Aeschines
849 1963 1093 2029 Leodamantis
1130 1963 1361 2051 eloquentiam

301 2079 408 2166 ipsius
429 2079 669 2144 Demosthenis
693 2079 810 2145 virtuti
835 2078 1013 2164 adaequat,
1038 2079 1119 2164 quin
1143 2080 1243 2145 etiam
1262 2101 1363 2165 prop-

304 2202 359 2261 ter
380 2195 583 2261 suavitatem
597 2194 691 2259 illam
711 2193 872 2279 praefert.
919 2192 1048 2260 Verum
1072 2195 1160 2259 enim
1183 2215 1264 2267 vero
1288 2201 1362 2259 tan-

306 2316 379 2376 tum
403 2309 531 2375 Caecili
552 2308 715 2374 iudicium
740 2308 831 2394 apud
854 2315 1009 2394 posteros
1034 2311 1157 2393 valuit,
1188 2315 1244 2392 ut,
1272 2309 1364 2394 quod

304 2427 366 2492 ille
391 2425 494 2490 modo
519 2425 711 2490 coniecerat
735 2425 777 2488 de
801 2423 1012 2509 Antiphonte
1037 2431 1070 2488 ct
1094 2424 1307 2510 Thucydide,
1329 2424 1364 2489 id

307 2540 535 2625 Hermogenis
565 2539 701 2624 quidem
732 2545 844 2604 aetate
874 2539 946 2604 fere
987 2561 1101 2604 omnes
1138 2561 1255 2605 verum
1288 2560 1364 2604 esse

308 2656 489 2721 crederent
513 2655 690 2740 (Hermog.
703 2677 733 2720 π.
752 2654 839 2720 1111
856 2677 928 2740 cap.
949 2657 986 2718 11
1007 2655 1050 2719 de
1067 2653 1234 2739 Antiph.).
1269 2633 1364 2728 Quae

309 2772 420 2837 omnia
444 2772 673 2836 consideranti
697 2793 716 2835 a
738 2791 820 2836 vero
843 2771 937 2836 haud
963 2771 1149 2836 abhorrere
1172 2771 1252 2835 mihi
1270 2771 1366 2837 vidc-

309 2893 385 2970 tur,
416 2908 581 2952 canonem
611 2886 708 2952 illum
740 2886 858 2952 decem
888 2893 1059 2952 oratorum
1083 2909 1102 2950 a
1127 2886 1274 2951 Caecilio
1297 2887 1363 2972 pri·

307 3023 400 3067 mum
425 3004 647 3067 const'tutum
671 3022 746 3066 esse
775 3008 809 3067 et
839 3002 938 3068 huius
970 3002 1075 3088 ipsius
1106 3002 1195 3084 libri,
1226 3001 1268 3066 de
1297 3022 1363 3087 quo

312 3119 454 3205 agimus,
479 3117 682 3183 auctoritate
705 3138 787 3180 mox
809 3117 844 3181 in
862 3119 1009 3182 omnium
1026 3139 1084 3182 ora
1098 3118 1240 3202 abiisse;
1264 3139 1365 3203 quam

304 3255 376 3299 rem
392 3232 540 3297 Meierus
554 3232 589 3296 in
602 3233 742 3318 egregia
762 3234 1043 3298 commentatione
1068 3232 1110 3297 de
1128 3231 1260 3296 Andoc.
1280 3239 1363 3298 orat.

307 3369 336 3413 c.
353 3347 430 3412 Alc.
456 3353 578 3433 quarta
601 3346 726 3432 Opusc.
750 3346 768 3410 I
790 3369 867 3435 pag.
893 3349 1044 3412 120-42
1067 3346 1181 3411 multis
1202 3347 1364 3412 librorum

306 3462 509 3528 testimoniis
535 3462 727 3528 doctissime
750 3463 917 3547 probavit.

396 3576 463 3641 Sed
486 3577 521 3641 in
544 3577 632 3641 illud
652 3577 765 3642 minus
782 3577 962 3662 diligenter
976 3577 1150 3662 inquisivit
1166 3577 1217 3642 vir
1233 3577 1365 3660 doctus,

305 3693 429 3779 quibus
455 3693 565 3789 causis
591 3698 624 3757 et
649 3693 797 3758 consiliis
822 3699 932 3758 motus
958 3692 1125 3759 Caecilius
1144 3693 1205 3758 hos
1229 3693 1365 3779 potissi·

303 3828 395 3872 mum
423 3808 541 3872 decem
578 3809 718 3894 clegerit
754 3815 787 3873 et
818 3830 837 3873 a
864 3809 1004 3894 reliquis
1034 3809 1232 3894 segregarit.
1277 3807 1365 3873 Nam

305 3928 399 3989 recte
424 3923 560 4010 quidem
584 3923 664 3988 dicit
686 3945 763 4010 pag.
790 3925 852 3988 140
875 3945 978 3990 unam
1006 3924 1188 3989 oratoriam
1214 3925 1365 3989 indolem

310 4059 425 4125 neque
448 4038 699 4125 grammaticam
723 4040 869 4124 aliquam
892 4040 1059 4105 rationem
1081 4045 1266 4124 spectatam
1290 4060 1366 4106 esse

304 4153 343 4220 in
380 4154 518 4220 delectu
555 4156 730 4239 faciendo,
751 4133 868 4242 ¹quem
900 4155 1082 4221 admodum
1113 4161 1257 4220 venuste
1289 4175 1366 4220 cum
