3290 5006
721 413 940 472 ,44-

302 579 460 667 μάτιστον,
482 584 515 649 id
539 591 591 652 cat
613 593 776 651 carentem
800 588 920 671 figuris,
937 585 976 670 3ἐ)
1003 586 1087 670 quod
1104 586 1215 653 vitium
1232 607 1297 654 non
1318 588 1365 652 in·

303 706 353 764 ter
374 700 508 764 minima
528 708 596 784 est3
620 700 719 765 aliam
741 699 1013 785 ἐοχηματισμένην,
1046 701 1080 770 id
1102 709 1158 768 eat·
1183 703 1364 784 figuratam.

300 813 347 878 Id
370 814 504 898 ipsum
528 821 664 880 tamen
686 824 859 899 anguste
882 817 1030 882 Zoilus
1053 817 1306 900 terminavit,
1322 814 1362 902 ³⁸)

302 929 356 1011 qui
379 928 413 993 id
437 930 539 996 solum
561 937 723 1015 putaverit
747 931 888 1013 schema,
912 952 975 1015 quo
998 931 1085 998 aliud
1107 932 1277 997 simulatur
1300 929 1364 996 dici

302 1062 399 1125 quum
421 1043 544 1126 dicitur,
568 1044 654 1126 quod
677 1065 757 1111 eane
791 1045 888 1130 vulgo
922 1066 1048 1129 quoquc
1080 1047 1127 1112 sic
1149 1047 1251 1130 accipi
1283 1047 1364 1130 scic;

302 1157 389 1223 unde
412 1165 444 1223 et
467 1159 646 1243 „figuratae
679 1160 941 1226 controversiae“
975 1161 1146 1247 quaedam,
1176 1161 1217 1227 de
1248 1161 1364 1244 quibus

301 1273 398 1358 paulo
433 1281 506 1358 post
541 1273 659 1359 dicam,
693 1281 859 1341 vocantur.
920 1278 1005 1359 Ergo
1040 1277 1143 1360 figura
1179 1277 1236 1342 sit:
1271 1283 1365 1343 arte

302 1389 449 1470 aliqua
472 1395 621 1456 novata
644 1389 775 1455 iorma
797 1390 970 1455 dicendi.

717 1723 809 1810 Περὶ
830 1720 953 1812 ὕψους.

391 1872 443 1934 Fr.
468 1871 520 1934 43.
545 1868 797 1952 Pseudolongin.
821 1889 853 1931 π.
876 1860 930 1953 iiiia.
953 1869 1023 1934 init.
1047 1862 1082 1931 τὸ
1106 1865 1160 1953 μὲν
1182 1863 1235 1932 τοῦ
1258 1869 1366 1930 Καικι-

302 1981 366 2047 λίου
389 1979 645 2067 συγγραμμάτιον,
667 1975 682 2047 3
705 1977 788 2065 περὶ
808 1976 925 2067 ὕψους
952 1978 1149 2060 συνετάξατο,
1180 1978 1366 2046 ἀνασκοπου·

303 2098 402 2182 μένοις
426 2091 499 2182 ἡμῖν
522 2090 564 2173 ὧς
582 2089 676 2162 eicite
697 2094 792 2180 κοινῇ,
819 2092 989 2179 Ποστούμιε
1021 2095 1199 2179 Τερεντιανέ
1228 2093 1365 2180 φίλτατε,

302 2207 510 2296 ταπεινότερον
532 2208 630 2297 ἐφάνη
652 2209 710 2295 τῆς
731 2203 987 2294 ὅληςὺποὶιέσεως
1005 2207 1059 2274 καὶ
1081 2203 1194 2294 ἥκιστα
1216 2206 1278 2275 τῶν
1300 2233 1365 2274 και-

302 2324 372 2411 ρίων
394 2322 609 2411 ἐφαπτόμενον,
644 2321 677 2390 οὗ
700 2321 812 2389 πολλάν
834 2347 869 2388 τε
892 2320 1037 2409 ι’)ρέλειαν
1056 2362 1097 2372 -
1112 2320 1280 2408 περιποιοῦν
1302 2329 1367 2400 τοῖς

301 2437 536 2523 ἐντυγχάνουσιν,
558 2437 589 2503 εἷ’
612 2433 636 2523 γ’
666 2435 716 2504 ἐπὶ
744 2436 846 2522 πάσης
867 2437 1059 2521 τεχνολογίας
1082 2441 1158 2504 δυεῖν
1181 2435 1365 2522 άπαιτουμέ-
1482 2429 1502 2454 ²

300 2578 367 2633 νων,
397 2555 539 2639 προτέρου
567 2551 621 2637 μὲν
647 2556 701 2617 τοῦ
735 2550 838 2632 δεῖξαι,
868 2551 901 2616 τί
930 2548 967 2618 τὸ
994 2546 1198 2637 ὑποκείμενον,
1228 2552 1365 2638 δευτέρου

300 2666 333 2734 δὲ
354 2690 396 2750 τη
420 2663 514 2746 τάξει,
537 2691 578 2752 τη
601 2663 725 2753 δυνάμει
752 2666 785 2733 δὲ
810 2666 1003 2754 κυριωτέρου,
1031 2669 1098 2742 πῶς
1128 2662 1166 2732 άν
1194 2661 1267 2752 ἡμῖν
1291 2661 1365 2732 αὐτὸ

298 2780 389 2849 τοῦτο
411 2779 465 2847 καὶ
487 2779 519 2847 δι’
547 2772 699 2849 ὧντινων
722 2781 861 2867 μεῖνόδων
884 2777 997 2865 κτητὸν
1020 2783 1145 2864 γένοιτο,
1167 2774 1364 2867 ὅμωςὸΚαι-

299 2896 394 2972 κίλιος
415 2903 499 2962 ποῖον
522 2898 577 2982 μέν
606 2920 638 2961 τι
666 2891 795 2982 ὑπάρχει
824 2893 859 2961 τὸ
878 2889 993 2983 ὑψηλὸν
1016 2891 1067 2962 διὰ
1090 2896 1200 2982 μυρίων
1222 2891 1300 2964 ὅσων
1323 2891 1366 2973 ὦς

300 3008 438 3096 ἀγνοοῦσι
459 3008 601 3096 πειρᾶται
621 3009 778 3091 δεικνύναι
800 3005 836 3076 τὸ
863 3010 896 3075 δὲ
918 3007 950 3075 δι’
977 3005 1049 3075 ὅτου
1078 3008 1189 3094 τρέπου
1216 3005 1276 3087 τὰς
1298 3011 1364 3075 ἐαυ-

298 3123 361 3193 τῶν
383 3124 485 3212 φάσεις
505 3123 646 3211 προάγειν
670 3123 819 3210 ἰσχύοιμεν
843 3122 880 3190 civ
903 3124 946 3199 εἰς
967 3118 1063 3208 ποσὴν
1093 3125 1242 3209 μεγέἰιους
1268 3123 1366 3190 ἐπίδοέ

298 3263 353 3320 σιν,
380 3237 435 3306 οὐκ
461 3233 513 3305 οἶδ’
538 3237 622 3315 ὅπως
647 3232 690 3316 ὦς
719 3237 774 3304 οὐκ
803 3237 969 3322 ἀναγκαῖον
997 3238 1168 3322 παρέλιπεν·
1190 3232 1270 3322 πλὴν
1291 3235 1366 3316 ἴσως

298 3353 416 3421 τουτονὶ
438 3354 493 3440 μὲν
514 3348 567 3420 τὸν
589 3349 686 3439 ἄνδρα
707 3349 761 3436 οὐχ
784 3347 881 3428 οὕτως
903 3345 1064 3418 auctora
1086 3349 1148 3417 τῶν
1176 3354 1364 3439 ἐκλελειμμέ-

297 3494 356 3535 νων
379 3463 421 3545 ὧς
443 3465 540 3553 αὐτῆς
562 3465 620 3552 τῆς
637 3467 770 3541 ἐπινοίας
790 3463 845 3531 καὶ
867 3462 998 3550 σπουδῆς
1021 3461 1104 3544 ἄξιον
1126 3467 1263 3532 ἐπαινεῖν.

386 3587 439 3651 Fr.
459 3584 503 3649 44
525 3583 605 3649 ibici
629 3603 702 3667 cap.
726 3583 757 3665 8,
784 3584 799 3644 l
824 3577 889 3644 ἐπεὶ
909 3577 943 3645 δὲ
965 3579 1064 3657 πέντε,
1091 3572 1133 3655 ὥς
1155 3575 1193 3644 ἂν
1215 3576 1294 3645 εἴποι
1309 3601 1364 3660 τις,

369 3803 402 3869 ³²)
420 3802 510 3867 Quam
527 3801 696 3856 sententiam
710 3799 849 3855 Caecilius
868 3799 897 3853 iu
911 3799 1090 3866 Antiphonte
1103 3815 1213 3868 queque
1232 3801 1366 3870 explicuit

297 3890 334 3947 ci.
345 3889 425 3959 irgm.
438 3893 469 3958 ὃς
488 3893 610 3952 ceterum
629 3888 665 3942 de
683 3888 736 3942 hac
755 3886 857 3954 duplici
877 3887 1027 3941 schematis
1046 3888 1075 3941 vi
1093 3887 1159 3942 vide
1173 3887 1365 3944 Alexandrum

296 3997 362 4051 pag.
380 3981 433 4034 427
452 3993 514 4048 sqq.
531 3977 681 4048 praecipue
699 3974 890 4041 disserentem,
916 3975 962 4042 qui
982 3974 1043 4042 ipse
1061 3973 1181 4029 fortasse
1200 3991 1216 4030 e
1235 3977 1364 4032 Caecilio

299 4069 370 4122 talia
386 4067 488 4122 haurit.

369 4155 401 4221 ξ’)
419 4152 463 4212 Oi.
481 4169 567 4223 cupra
584 4149 817 4207 Phoebammcnir
835 4148 933 4204 verba
