3290 5006
273 598 308 660 et
331 591 486 680 apodixis
510 591 637 658 codem
660 591 788 658 reverti
814 589 1015 674 videantur,
1042 611 1125 658 num
1154 597 1340 679 utrumque

271 709 375 796 plane
401 707 513 791 idem,
546 728 589 774 an
621 706 849 773 differentiam
872 705 1043 792 quandam
1072 705 1239 773 interesse
1269 712 1343 773 sta·

270 823 378 890 tuerit
401 823 585 906 Caecilius,
610 821 793 889 enucleare
817 842 886 887 non
908 820 1014 910 potui.

362 1247 458 1314 Haec
482 1253 563 1313 sunt
597 1267 686 1334 quac
710 1267 755 1314 cx
777 1236 953 1314 rhetoricis
976 1245 1091 1312 adhuc
1115 1253 1269 1331 exstant,
1301 1249 1339 1314 in

275 1364 421 1450 quibus,
451 1363 481 1429 si
509 1362 591 1450 quid
623 1363 742 1443 video,
770 1363 908 1450 egregia
937 1363 1002 1428 viri
1032 1363 1199 1448 sagacitas
1227 1363 1340 1430 minus

273 1479 384 1544 eluxit
408 1499 510 1564 quam
531 1478 568 1542 in
593 1478 719 1544 criticis
737 1483 910 1543 oratorum
926 1478 1202 1564 quaestionibus3
1223 1484 1338 1545 tamen

274 1596 318 1661 ab
341 1593 407 1660 hac
431 1589 569 1680 quoque
595 1601 693 1680 parte
715 1614 785 1659 non
809 1593 969 1680 exiguam
983 1593 1076 1681 apud
1090 1599 1244 1680 posteros
1260 1593 1337 1660 rhe·
1379 1609 1380 1612 ’

275 1709 360 1778 toris
384 1709 526 1796 gloriam
552 1709 660 1774 fuisse
685 1709 858 1776 eTiberio
880 1709 974 1775 tertii
995 1709 1052 1774 vel
1076 1711 1189 1794 quarti
1212 1710 1345 1776 saeculi

275 1824 414 1891 rhetore
437 1825 671 1912 perspicimus.
704 1918 709 1930 ν

368 2214 521 2280 Tandem
544 2215 638 2281 tertii
660 2217 796 2302 generis
828 2217 1030 2304 scriptorum
1057 2239 1168 2304 pauca
1190 2218 1342 2303 quidem,

279 2329 343 2396 scd
365 2335 479 2395 tamen
504 2329 592 2396 scitu
616 2329 711 2397 haud
732 2331 874 2418 indigna
896 2333 1131 2398 enumeranda
1153 2341 1241 2398 sunt.
1279 2333 1341 2399 Et-

275 2442 365 2508 enim
382 2444 668 2530 qucmadmodum
684 2445 869 2533 Dionysius
888 2447 1135 2534 posterioribus
1151 2449 1240 2541 vitae
1255 2429 1338 2514 tem·

273 2559 414 2647 poribus
448 2559 611 2626 historiae
647 2561 850 2628 scribendae
883 2562 1058 2646 incubuit,
1091 2565 1139 2628 ita
1170 2563 1339 2630 Caecilius

275 2693 412 2760 quoque
437 2675 479 2740 ab
503 2673 569 2740 hac
587 2675 780 2741 litterarum
793 2682 891 2762 parte
907 2697 976 2741 non
989 2677 1053 2743 fuit
1070 2677 1212 2743 alienus.
1250 2676 1339 2743 Nom

275 2809 345 2855 non
368 2789 480 2856 solum
501 2790 551 2856 dc
572 2790 708 2856 bellis
731 2792 966 2858 servilibus
984 2794 1024 2856 in
1042 2792 1190 2859 Sicilia
1205 2795 1338 2879 gestis

275 2905 533 2971 commentarios
558 2927 635 2973 eum
659 2905 807 2973 edidisse
830 2907 1031 2973 Athenaeus
1054 2907 1087 2972 V
1109 2929 1187 2994 pag.
1211 2909 1276 2974 272
1298 2908 1339 2972 F.

209 3015 211 3022 ⁴
277 3020 401 3102 tradit,
432 3019 494 3086 sed
525 3019 643 3104 etiam,
683 3021 774 3106 quod
803 3021 839 3086 in
875 3021 1013 3088 rhetore
1050 3022 1152 3089 valde
1189 3022 1338 3088 mireris:
1462 3091 1464 3102 ,

237 3215 245 3229 .
273 3132 358 3220 περὶ
380 3137 455 3200 τῶν
477 3131 563 3202 aa&
591 3133 767 3221 [cucciaco
789 3133 810 3224 ἢ
833 3133 912 3221 παρ’
941 3135 1113 3223 ἱστορίαν
1137 3137 1340 3224 εἰρημένων

274 3256 363 3326 τοῖς
385 3245 540 3336 ῥήτορσι
563 3249 668 3315 Suida
684 3258 824 3316 auctore
841 3252 966 3318 librum
982 3253 1178 3340 composuit.
1223 3253 1256 3316 A
1272 3273 1340 3337 quo
1431 3281 1438 3292 κ

275 3369 390 3429 utrum
414 3363 585 3430 diversum
609 3365 715 3430 fuerit
736 3385 847 3431 necne
869 3365 957 3453 napi
974 3367 1156 3454 ἱστορίας
1178 3368 1340 3454 scriptum

275 3480 334 3562 (cf.
367 3479 410 3543 ir.
438 3479 496 3564 51)
523 3479 703 3546 nescimus.
757 3479 983 3548 Coniecturae
1001 3501 1092 3549 sero
1123 3503 1225 3569 quam
1249 3480 1341 3548 Kris-

275 3611 383 3680 gerus
422 3591 566 3680 Dionys·
608 3594 913 3683 historiographics
951 3597 1061 3684 praef.
1098 3596 1151 3662 IX
1188 3597 1343 3684 protulit,
1370 3671 1371 3676 ἵ

276 3706 410 3773 scilicet
432 3713 616 3794 utrumque
640 3709 765 3776 librum
782 3711 954 3777 Ciceronis
974 3713 1103 3778 monitu
1119 3711 1341 3799 compositum

275 3821 407 3905 fuisso,
442 3824 604 3909 temporis
634 3826 721 3890 ratio
752 3825 920 3911 refragari
942 3827 1094 3914 videtum
1137 3827 1181 3892 de
1211 3848 1278 3912 qua
1309 3825 1337 3890 si

280 3943 375 4004 recte
400 3959 420 4004 c
442 3936 550 4005 Suida
572 3945 606 4005 ct
631 3945 821 4008 ceterorum
843 3942 1009 4008 librorum
1037 3947 1148 4008 aetate
1172 3942 1339 4007 conclusi·

277 4073 374 4137 mus,
407 4051 575 4121 Caecilius
606 4075 677 4121 non
713 4063 793 4123 ante
823 4055 973 4144 Augusti
1007 4056 1184 4142 imperium
1218 4055 1342 4120 florere

276 4169 398 4256 coepit.
