3290 5006
661 385 885 462 -735-

243 603 286 614 —-
310 601 351 611 —-
379 557 579 630 ὑπώπτευσαν
612 559 646 627 δὲ
674 557 729 626 καὶ
758 559 791 625 οἱ
817 557 1115 646 πρισβύτοροι”)
1144 555 1197 626 τὸν
1223 557 1310 644 λόγον

244 671 288 756 ὡς
310 674 342 743 οὐ
363 673 418 744 τοῦ
441 673 576 762 ρρτορος,
597 673 652 742 καὶ
674 671 874 762 περυροὶκασί
901 675 938 759 γέ
964 695 1043 751 τινες
1063 669 1141 740 ὄντα
1157 666 1310 760 Ἡγησίπ-

244 816 303 863 που
328 789 383 858 καὶ
410 786 470 858 ἀπὸ
497 788 555 876 τῆς
581 790 663 867 hear
688 787 750 856 τῶν
775 787 871 873 λόγων
901 785 1042 874 (τοιαύτῃ
1065 781 1123 873 γὰρ
1146 788 1307 878 κέχρηται)

244 905 300 974 καὶ
322 903 382 973 ἀπὸ
404 902 467 972 τῶν
489 903 680 991 πραγμάτων
700 907 787 968 νιτλ.
1332 954 1361 987 Ι.

338 1025 402 1114 Εἰ.Ι
418 1013 458 1088 19
483 1021 584 1086 schol.
608 1019 661 1084 Df.
684 1041 760 1104 pag.
776 1020 843 1086 254
865 1013 921 1082 οὐκ
942 1014 1023 1084 ἔστιν
1046 1013 1157 1102 ἄδηλον
1179 1024 1245 1097 τοῖς
1266 1042 1312 1107 ot-

246 1136 413 1220 λομαῗιέσιν
434 1132 467 1212 ἐξ
486 1123 528 1200 ὧν
550 1130 751 1216 ἀναγνῶκασιν
774 1126 1017 1218 ὑπομνημάτων,
1040 1128 1088 1198 ὅτι
1109 1132 1268 1201 υοῢεύοται
1297 1129 1312 1201 ὅ

241 1243 339 1336 ὑπὲρ
361 1247 431 1317 τῶν
453 1246 542 1335 πρὸς
564 1245 807 1332 Ἀλέξανδρον
837 1244 1032 1332 συνῗιηκῶν
1060 1244 1115 1312 καὶ
1144 1245 1334 1338 νενόμισται,

248 1356 324 1430 εἶναι
346 1361 399 1428 τοῦ
423 1363 634 1447 Δημοσὶιένους
655 1358 808 1447 ἀλλότριος
830 1355 949 1447 ὥσπερ
971 1358 1040 1426 καὶ
1062 1354 1077 1427 ὃ
1105 1359 1133 1438 ζ’
1160 1358 1231 1428 τῶν
1254 1367 1314 1430 Φι-

247 1474 447 1556 λιππικῶν,
468 1472 501 1543 ὃν
522 1471 595 1562 ὑπὲρ
613 1470 793 1562 Ἁλοννήσου
815 1475 893 1553 τινὲς
915 1474 1132 1563 ἐπιγράφουσιν.
1157 1474 1314 1564 ἀμφοτέ-

249 1593 380 1678 ρουςῒθ)
414 1587 473 1677 γὰρ
502 1589 627 1667 τούτους
656 1588 850 1677 ἀναφέρουσιν
878 1590 921 1667 εἰς
936 1584 1131 1675 Ἡγήσιππον
1153 1589 1315 1678 Κρωβύλου

249 1706 465 1790 eceteram
1176 1733 1181 1744 ·

338 1824 393 1888 Fr.
417 1824 460 1888 20
484 1820 574 1887 Phot.
598 1822 668 1888 cod.
692 1823 756 1885 265
781 1843 810 1905 p.
835 1821 895 1886 491
923 1823 954 1886 h.
977 1817 1031 1885 καὶ
1053 1813 1114 1884 τὸν
1135 1813 1221 1905 ὑπὲρ
1244 1825 1315 1888 Σα-

250 1932 364 2021 τύρου
385 1933 426 2000 δὲ
447 1930 553 2018 λόγον
575 1931 644 2019 τῆς
666 1930 882 2020 ἐπιτροπῆς
911 1928 986 2018 πρὸς
1007 1932 1189 2022 γΧαρίδημον
1212 1931 1241 1999 οἱ
1262 1917 1329 2018 μὲν

251 2045 345 2135 πρὸς
366 2045 435 2133 τὴν
455 2048 571 2135 κρίσιν
594 2046 753 2133 ἔχοντες
776 2043 820 2114 τὸ
844 2047 1017 2136 ἀσφαλὲς
1038 2049 1250 2135 Δημοσὶιένους
1271 2049 1317 2114 λέ-

256 2187 355 2249 γουσιν
377 2157 461 2244 εἶναι,
483 2157 499 2230 ὁ
522 2163 554 2230 δὲ
575 2163 775 2250 Καλλίμαχος
796 2161 854 2230 οὐδ’
879 2160 981 2242 ἱκανὸς
1003 2159 1044 2231 cir
1073 2162 1180 2250 κρίνειν
1201 2164 1318 2249 Δεινάρ-

256 2303 312 2364 χου
334 2277 454 2364 νομίζει
471 2279 510 2364 ²⁴)

328 2533 361 2602 ¹¹)
381 2532 516 2589 Libanins
535 2534 560 2588 si
579 2539 677 2602 quarto
689 2551 716 2603 p.
729 2534 794 2591 Chr.
808 2535 922 2590 sacculo
939 2536 1135 2606 πρεσβυτέρους
1153 2533 1241 2597 affert,
1260 2549 1320 2588 cnm

260 2622 349 2677 Attici
368 2627 493 2677 oratores
515 2622 658 2688 ,ρωλοιιοϋ6
678 2622 744 2678 dicti
763 2623 827 2690 sint,
846 2639 936 2678 nonne
954 2623 1180 2677 interLihanium
1199 2627 1228 2677 et
1246 2618 1321 2677 Atti-

261 2725 309 2764 cos
328 2709 420 2765 media
438 2709 573 2779 quaedam
591 2714 671 2766 aetas
691 2709 840 2764 statuenda
859 2712 923 2765 est?
960 2725 1032 2779 quae
1055 2714 1148 2764 antem
1167 2710 1322 2765 criticorum

258 2798 379 2853 virorum
397 2797 495 2852 melius
515 2798 634 2867 quadrat
652 2812 734 2867 quam
751 2796 871 2868 Dionysi
897 2803 925 2853 et
943 2796 1061 2866 Caecili,
1087 2814 1203 2868 quornm
1226 2797 1255 2852 in
1278 2799 1320 2853 eis

259 2887 343 2942 rebus
362 2889 442 2942 muta
460 2885 534 2955 apud
551 2893 682 2955 posteros
700 2884 753 2940 fuit
771 2887 931 2956 auctoritas,
949 2891 979 2942 ut
999 2903 1091 2942 eorum
1110 2887 1214 2942 iudicia
1232 2903 1321 2956 paene

259 2990 354 3029 omnes
378 2974 463 3029 tacite
488 2979 667 3044 sequerentur
692 2973 738 3040 (ci.
761 2980 904 3031 comment.
924 2991 987 3046 pag.
1007 2978 1044 3039 7).
1084 2975 1144 3029 Ιιιιιι
1167 2991 1235 3031 vero
1254 2975 1321 3031 Dio-

261 3062 360 3133 nysius
380 3062 415 3116 de
433 3063 595 3118 Halonneso
614 3063 765 3119 orationem
784 3063 909 3132 quamvis
936 3080 954 3118 a
976 3064 1077 3118 celeris
1096 3064 1320 3120 Demosthenicis

259 3150 344 3204 valde
363 3150 503 3206 diversam
521 3167 586 3206 esse
605 3168 659 3207 non
677 3152 825 3222 ignoraret,
844 3157 937 3206 tamen
955 3169 973 3206 a
990 3152 1180 3207 Demosthene
1199 3169 1254 3207 nou
1273 3153 1322 3208 ab·

258 3236 393 3294 iudicavit
416 3236 451 3292 ci.
477 3238 511 3292 de
533 3237 563 3291 vi
581 3239 660 3293 Dem.
679 3254 740 3309 cap.
759 3241 794 3306 93
834 3239 1011 3308 vl981R.;
1041 3240 1137 3308 itaque
1160 3255 1241 3295 nemo
1267 3240 1322 3295 nisi

261 3325 400 3380 Caecilius
420 3325 479 3380 eius
498 3325 592 3380 iudicii
610 3331 706 3381 auctor
723 3324 812 3380 thisse
829 3332 932 3396 potest.
969 3327 1090 3382 Accedit
1108 3328 1189 3396 quod,
1209 3328 1322 3397 quaein

260 3426 388 3468 sermone
405 3413 539 3469 inusitato
558 3420 586 3469 et
604 3413 751 3470 invenusto
771 3415 919 3470 aLibanio
931 3416 1173 3486 reprehenduntur,
1194 3432 1229 3472 ea
1240 3417 1324 3472 valde

261 3515 324 3556 cum
352 3500 457 3556 Caecili
486 3502 624 3558 sentiendi
656 3507 683 3557 et
709 3502 849 3558 iudicandi
873 3505 981 3559 ratione
1008 3520 1159 3575 congruere
1186 3505 1323 3561 videntur.

263 3587 319 3653 Qui
337 3589 362 3643 si
379 3589 451 3644 hanc
469 3591 623 3645 orationem
633 3591 795 3662 Hegesippo
806 3590 910 3660 tribuit,
930 3591 1003 3648 idem
1023 3592 1059 3647 de
1077 3592 1199 3660 septima
1217 3592 1325 3647 decima

261 3677 403 3734 iudicasse
421 3677 538 3747 videtur,
557 3683 631 3734 teste
650 3679 802 3735 scholiasta
819 3677 914 3748 n.19;
933 3689 1098 3750 quamquam
1110 3680 1139 3734 in
1153 3679 1324 3735 scholiastae

263 3765 353 3820 verba
370 3766 460 3820 iurare
478 3784 534 3822 non
551 3767 649 3823 ausim.

332 3871 365 3938 ¹⁸)
384 3871 472 3928 Iidem
498 3872 583 3942 igitur
608 3869 718 3928 fuerumt
747 3873 836 3927 critici
860 3873 906 3942 qni
931 3877 960 3928 et
982 3873 1054 3928 hanc
1079 3878 1108 3928 et
1132 3873 1208 3928 illam
1232 3889 1251 3928 a
1268 3873 1325 3928 De·

257 3959 406 4018 ,mosthene
424 3959 625 4036 abiudicarunt.

331 4066 365 4134 ¹⁴)
383 4066 417 4122 In
429 4065 578 4122 Caecilium
596 4065 764 4124 convenient
781 4081 844 4122 cum
856 4065 1015 4124 Callimachi
1028 4034 1210 4135 reprehensio
1226 4067 1324 4136 suique

260 4153 356 4210 iudicii
374 4153 543 4211 confidentis
560 4153 606 4223 (oi.
624 4169 757 4212 commen.
775 4159 853 4226 ptag.
871 4156 909 4224 7),
926 4159 985 4210 tum
1002 4153 1077 4224 quod
1095 4151 1169 4224 ἔχων
1186 4154 1256 4226 πρὸς
1273 4155 1326 4224 τήν

951 4257 953 4262 ,
1128 4253 1164 4308 3*
