3290 5006
734 369 953 434 ...12-

314 563 466 632 quoque,
495 565 540 611 ex
562 565 629 632 quo
654 545 750 631 quasi
777 544 962 612 seminibus
986 542 1284 610 Demosthenicum
1307 543 1375 610 vim

314 666 422 726 ortam
448 665 546 746 putat
575 659 617 726 de
639 660 743 727 Isaeo
774 683 852 748 pag.
886 662 962 742 628,
988 659 1126 744 grandis
1159 659 1292 745 generis
1323 658 1374 724 in·

312 780 491 842 vaniorem
525 775 717 862 significare
754 776 904 843 voluisse
940 795 1009 839 non
1043 780 1167 861 potest.
1218 773 1317 850 Quod
1345 773 1375 840 si

312 889 439 956 iamin
462 889 664 977 Dionysium
688 912 757 957 non
789 890 959 979 quadrant
984 889 1084 973 illae,
1112 895 1149 954 ut
1174 889 1223 954 ita
1254 888 1374 972 droam,

314 1024 437 1090 capsae
460 1005 662 1090 rhetoricae,
688 1007 814 1095 quibus
838 1004 964 1091 singuli
987 1005 1168 1090 scriptores
1193 1003 1374 1070 arhetori·

313 1119 378 1185 bus
401 1119 518 1186 inieoti
542 1143 617 1188 esse
634 1122 808 1204 dicuntur,
840 1121 1095 1209 quantominus
1117 1119 1160 1186 ad
1180 1119 1374 1203 Caecilium,

313 1233 368 1300 oui
397 1234 515 1302 deoem
542 1245 693 1304 oratores
727 1242 825 1303 orant
860 1235 1046 1318 tractandi,
1081 1257 1242 1301 numerus
1276 1234 1372 1301 nullo

313 1349 414 1415 modo
437 1351 539 1418 triadi
554 1347 774 1421 conveniens.
820 1351 926 1416 Immo
946 1352 990 1417 ad
1005 1352 1146 1437 primam
1162 1351 1281 1416 Meieri
1297 1370 1375 1416 sen·

312 1465 453 1530 tentiam
466 1466 680 1534 redeundum
693 1490 768 1535 esse
781 1475 863 1555 puto
884 1472 918 1532 at
936 1469 1168 1550 statuendum,
1192 1465 1376 1532 anoilium

314 1597 372 1646 eos
405 1581 463 1667 qui
493 1588 565 1648 tum
593 1585 731 1669 plurimi
759 1583 1028 1650 aestimabantur
1055 1582 1187 1648 Attioos
1216 1587 1369 1646 oratores

314 1694 514 1781 eligentem,
542 1705 593 1781 ut,
616 1699 698 1787 quid
722 1700 764 1763 de
788 1718 856 1764 uno
880 1716 1017 1787 quoque
1039 1697 1260 1764 iudicandum
1282 1701 1317 1760 et
1338 1697 1374 1761 in

312 1809 475 1876 imitando
498 1814 701 1880 sumendum
724 1823 815 1883 esset
839 1816 993 1896 dooeret,
1021 1812 1065 1879 ad
1097 1813 1187 1878 solas
1210 1811 1373 1877 historiae

312 1922 408 2009 leges
433 1929 624 2012 respexisse
650 1937 684 1996 et
706 1933 742 1996 in
764 1933 799 1997 id
824 1931 960 2019 quidem
984 1930 1042 1996 vel
1066 1927 1211 1992 maxime
1227 1928 1375 1992 animum

314 2040 510 2126 attendisse,
534 2045 615 2131 quid
630 2046 666 2110 in
682 2054 755 2113 arte
775 2046 910 2112 dicendi
929 2045 1056 2132 singuli
1073 2049 1225 2108 oratores
1243 2062 1375 2108 eorum·

314 2175 382 2241 que
404 2162 519 2222 seotae
543 2166 603 2224 aut
618 2182 743 2228 novum
757 2162 970 2228 invenissent
985 2166 1045 2225 aut
1061 2161 1103 2225 ab
1123 2159 1195 2224 aliis
1214 2157 1372 2242 sumpsis-

320 2276 408 2336 sent.
461 2273 551 2339 Nam
588 2283 660 2343 tum
692 2277 826 2344 demum
857 2262 951 2342 reate
985 2275 1207 2340 demonstrari
1243 2277 1378 2358 poterat

320 2405 390 2451 non
415 2387 667 2475 Thucydidem,
693 2413 762 2456 non
786 2390 939 2478 Lysiam,
972 2412 1041 2455 non
1070 2389 1256 2455 Isocratem
1285 2389 1377 2453 solos

318 2501 499 2569 imitandos
522 2525 610 2590 esse,
633 2507 662 2572 si
686 2508 760 2595 quis
776 2507 854 2572 illos
875 2492 1114 2592 oratores'ssnon
1131 2506 1167 2570 in
1184 2505 1379 2570 universum

320 2617 383 2682 sed
406 2640 467 2703 pro
490 2641 552 2685 suo
581 2643 752 2710 quemque
780 2630 932 2708 tempore
964 2642 1132 2686 summum
1163 2619 1378 2706 eloquentiae

322 2731 496 2818 fastigium
520 2744 694 2804 assecutos
720 2759 795 2804 esse
819 2737 1026 2814 ostenderet.

410 2847 483 2914 Iam
505 2852 609 2938 igitur
622 2852 809 2920 anailium
831 2873 955 2919 revera
976 2851 1137 2918 historiae
1161 2851 1255 2935 leges
1280 2869 1378 2914 seeu-

322 2970 394 3029 tum
419 2985 505 3048 esse,
527 2987 571 3033 ne
595 2967 816 3055 Dionysium,
846 2969 903 3054 qui
926 2967 1015 3032 idem
1043 2966 1194 3032 seniores
1219 2987 1239 3030 a
1261 2984 1380 3030 reeen-

319 3079 463 3146 tioribus
488 3102 649 3169 separans
673 3104 806 3169 semper
829 3103 930 3171 quem
954 3082 1097 3168 quisque
1120 3080 1268 3146 imitatus
1286 3080 1329 3145 sit
1347 3084 1380 3144 et

322 3194 405 3281 quid
431 3198 600 3263 invenerit
631 3200 782 3286 quaerit,
817 3217 859 3262 ne
884 3195 1105 3282 Dionysium,
1137 3195 1228 3278 dieo,
1259 3200 1381 3260 testem

323 3311 477 3378 afferam:
513 3333 558 3378 ex
591 3313 901 3400 Pseudoplutarohi
940 3312 1018 3379 vitis
1057 3317 1090 3376 st
1115 3310 1220 3394 ipsius
1254 3309 1381 3376 anoili

320 3424 518 3513 fragmentis
538 3428 695 3494 oonioere
713 3429 804 3494 lioet.
849 3427 937 3494 Nam
959 3429 1042 3506 illae
1066 3427 1123 3512 (de
1140 3426 1258 3510 prima,
1282 3445 1382 3512 quam

320 3540 412 3606 infra
440 3542 591 3628 epimetr.
615 3541 634 3605 I
663 3544 752 3628 dixi,
774 3550 871 3628 parte
892 3543 1033 3630 loquor)
1059 3563 1135 3608 oum
1162 3541 1280 3627 paullo
1305 3545 1382 3626 post

322 3654 449 3722 anoili
460 3656 585 3722 librum
597 3659 808 3744 oonsoriptae
820 3677 933 3745 neque
945 3663 1059 3724 tamen
1072 3678 1117 3722 ex
1129 3655 1266 3742 Didymi
1279 3654 1382 3721 dhal-

322 3773 452 3838 oenteri
476 3774 723 3838 commentariis
753 3772 927 3838 derivatae
950 3772 1144 3856 videantur,
1170 3773 1270 3836 immo
1294 3768 1380 3835 adeo

321 3889 386 3975 ipsi
398 3887 545 3954 anoilio
561 3907 630 3952 non
644 3889 742 3953 nulla
755 3888 917 3954 debeant:
942 3888 1034 3953 unde
1051 3888 1181 3961 laetum
1194 3906 1269 3952 esse
1284 3890 1391 3970 pute-1

322 4025 409 4085 mus,
443 4009 481 4069 ut
505 4003 622 4070 aetatis
648 4003 801 4070 ordinem
823 4009 1010 4090 sequantur
1038 4002 1247 4089 singulorum
1270 4005 1380 4065 orato·

323 4139 410 4202 rum,
434 4119 498 4184 nisi
522 4140 567 4184 ex
591 4100 755 4202 eiusdem,
778 4119 875 4196 ouius
899 4117 1043 4203 uestigia
1064 4121 1276 4202 presserunt,
1303 4114 1382 4180 rhe-
1420 4195 1423 4199 Ι
