3290 5006
686 356 904 418 „15..

104 562 129 596 vt
262 535 459 626 loquentiae
482 533 608 620 Lysiae
631 531 854 618 gracilitatem
875 529 1090 616 praelaturus
1114 525 1173 610 sit,
1203 532 1318 593 tamen

265 652 389 742 quide
412 650 606 716 rhetoribus
631 648 699 712 illis
722 653 815 712 recte
837 645 990 711 iudicare
1013 643 1100 725 vult,
1132 642 1181 707 eis
1204 643 1319 729 ignos-

265 775 335 850 cet,
366 766 458 855 quod
479 765 568 831 iusto
593 763 737 843 Asiatici
759 763 895 848 generis
920 759 1055 825 dicendi
1079 758 1155 823 odio
1179 758 1321 824 abducti

266 884 362 950 nimis
387 880 479 946 anxii
501 879 579 967 puri
603 885 637 944 et
654 879 807 944 consueti
824 877 929 942 Attici
946 875 1109 942 sermonis
1131 875 1325 940 exstiterint

263 997 412 1085 patroni.

353 1111 512 1177 Ceterum
535 1109 663 1175 Caecili
685 1109 834 1191 libellus,
858 1107 923 1172 nisi
945 1107 1058 1187 fallor,
1081 1112 1158 1191 post
1180 1105 1326 1193 Dionysi

262 1227 447 1313 epistulam
469 1226 515 1291 ad
537 1225 598 1290 On.
622 1224 739 1312 Pomp.
763 1225 798 1289 in
820 1225 932 1289 lucem
954 1221 1095 1308 prodiit3
1126 1241 1195 1285 non
1226 1221 1326 1312 euim,

265 1344 329 1408 nisi
351 1343 399 1407 ita
423 1347 524 1422 esset,
546 1340 732 1425 Dionysius
756 1345 889 1405 ceteros
907 1338 1062 1404 Platonis
1079 1337 1326 1423 vituperatores

264 1460 313 1525 ibi
336 1476 601 1524 commemorans
625 1452 702 1540 (VI,
726 1457 788 1522 757
812 1456 868 1540 R.)
892 1453 1130 1520 amicissimum
1143 1451 1328 1518 anoilium

265 1574 467 1640 reticuisset.

695 1767 905 1778 ——-————

355 1961 487 2027 Similes
512 1961 636 2026 deinde
661 1960 703 2025 de
727 1965 898 2033 oratorum
922 1957 1177 2023 characteribus
1203 1958 1282 2023 libri
1306 1979 1327 2023 a

266 2077 617 2142 Suidanominantur:
638 2073 822 2160 σύγκρισις
838 2075 1100 2160 Δημοσῖιένους
1118 2070 1185 2138 καὶ
1204 2071 1329 2157 Αἰσχί-

264 2215 325 2257 νου
350 2198 387 2256 et
409 2189 533 2276 σέγκρ.
559 2192 827 2276 Δημοσῖιένους
849 2188 915 2254 καὶ
937 2187 1153 2272 Κικέρωνος
1181 2188 1238 2273 (de
1262 2209 1331 2274 qua

268 2308 347 2372 vide
369 2307 485 2390 infra),
510 2326 657 2392 quorum
681 2305 872 2391 fragmenta
894 2305 990 2368 nulla
1013 2305 1108 2389 potui
1130 2305 1294 2370 invenire.

357 2422 509 2486 Accedat
539 2421 593 2486 his
624 2421 923 2489 vocabulorum
951 2420 1145 2484 delectus
1174 2441 1194 2485 a
1224 2416 1329 2483 Suida

266 2537 406 2601 allatus:
438 2533 537 2622 (κατὰ
559 2538 682 2621 Φρυγῶν
706 2533 773 2618 eto)
801 2533 866 2601 ἔστι
894 2533 927 2599 δὲ
954 2532 1039 2600 κατὰ
1067 2542 1222 2619 στοιχεῖον.
1254 2529 1329 2598 ἀπέ-

264 2649 356 2728 δειξις
378 2653 431 2716 τοῦ
456 2651 599 2738 εἰρῆσλαι
628 2654 731 2716 πᾶσαν
761 2647 840 2726 λέξιν
868 2647 1160 2736 καλλιῤῥημοσύνης.
1192 2647 1258 2714 ἔστι
1288 2646 1321 2712 δὲ

266 2763 379 2852 ἐκλογὴ
407 2763 516 2842 λέξεων
539 2762 624 2830 κατὰ
648 2772 806 2850 στοιχεῖον;
836 2785 937 2850 quem
960 2765 1074 2829 locum
1104 2787 1183 2830 cum
1213 2785 1329 2829 corru-

267 2887 363 2968 ptum
386 2901 461 2946 esse
489 2886 661 2966 appareat,
684 2881 756 2945 veri
780 2879 948 2945 simillime
970 2881 1160 2946 restituisse
1191 2880 1327 2945 videtur

268 2995 419 3061 Meierus
444 2997 637 3080 (comment.
663 2995 705 3060 dc
729 2994 861 3060 Andos.
886 3016 934 3060 or.
957 2992 1010 3060 IV
1031 3001 1102 3060 not.
1125 2998 1183 3080 443
1212 3016 1327 3080 opusc.

265 3134 343 3198 pag.
362 3112 460 3194 131):
484 3108 596 3197 ἐκλογὴ
614 3108 725 3188 λέξεων
741 3108 826 3176 κατὰ
848 3117 1004 3194 στοιχεῖον.
1029 3107 1095 3174 ἔστι
1118 3107 1151 3175 δὲ
1175 3106 1329 3186 ἀπόδειξις

265 3229 322 3292 τοῦ
335 3226 478 3312 abacta
500 3225 585 3309 (velz
610 3228 663 3290 coi
689 3227 749 3291 δεῖν
770 3225 952 3312 εἰρῆσῖλαιῗ)
975 3227 1078 3291 πᾶσαν
1097 3221 1176 3303 λέξιν
1199 3223 1322 3308 καλλιβ-

270 3337 442 3428 ῥημοσύνης
465 3339 550 3424 (vel:
576 3337 656 3424 μετὰ
676 3343 795 3426 καλλ.);
825 3348 859 3406 et
881 3341 973 3406 hunc
998 3340 1134 3429 quidem
1159 3340 1331 3405 delectum

268 3453 314 3520 ad
339 3455 430 3520 solos
456 3461 609 3519 oratores
634 3461 806 3540 spectasse
830 3478 906 3521 cum
928 3478 990 3543 per
1014 3477 1050 3522 se
1072 3456 1252 3542 probabile
1277 3458 1329 3521 est

270 3575 342 3635 tum
365 3569 613 3662 Lysimachidis
637 3569 737 3653 libro,
769 3573 826 3659 qui
850 3573 881 3638 ei
905 3573 1077 3659 oppositus
1102 3578 1187 3654 erat,
1210 3570 1330 3635 confir-

271 3692 382 3750 matur
405 3685 461 3772 (fr.
485 3685 553 3768 28).
600 3683 878 3774 Καλλιῤῥημοσένη
910 3693 1024 3756 autem
1050 3687 1218 3754 vocabulo
1249 3684 1332 3750 an-

268 3801 369 3867 c'ilius
388 3801 597 3889 significasse
614 3800 752 3867 videtur
765 3804 886 3886 omnia,
903 3824 992 3890 quae
1005 3803 1191 3868 orationem
1202 3822 1333 3886 puram,

268 3915 461 4000 honestam,
485 3939 625 4003 gravem
648 3899 818 4003 effi'ciunt3
851 3918 878 3982 si
903 3919 1040 4004 quinem
1061 3915 1248 4003 Dionysius
1270 3915 1331 3980 tali

270 4032 328 4097 vel
357 4031 522 4098 similibus
549 4035 667 4099 verbis
696 4033 732 4098 id
761 4033 942 4118 significat:
976 4034 1018 4098 de
1047 4053 1153 4118 comp.
1182 4031 1277 4097 verb.
1307 4031 1328 4094 3

266 4142 351 4222 λέξις
379 4145 510 4232 >eutropii
537 4145 592 4213 καὶ
627 4145 855 4234 καλλιῤῥήμων;
893 4148 975 4212 ibid.
1005 4145 1112 4232 σεμνὸν
1139 4145 1160 4234 ἢ
1189 4148 1331 4212 καλλιλο-
