<?xml version="1.0" encoding="UTF-8"?>
<!DOCTYPE html PUBLIC "-//W3C//DTD XHTML 1.0 Transitional//EN"
    "http://www.w3.org/TR/xhtml1/DTD/xhtml1-transitional.dtd">
<html xmlns="http://www.w3.org/1999/xhtml" xml:lang="en" lang="en">
 <head>
  <title>
</title>
<meta http-equiv="Content-Type" content="text/html;charset=utf-8" />
  <meta name='ocr-system' content='tesseract 3.04.00' />
  <meta name='ocr-capabilities' content='ocr_page ocr_carea ocr_par ocr_line ocrx_word'/>
</head>
<body>
  <div class='ocr_page' id='page_1' title='image "./caecilirhetoris01burcgoog_0057.png"; bbox 0 0 3290 5006; ppageno 0'>
   <div class='ocr_carea' id='block_1_1' title="bbox 1001 1143 1020 1184">
    <p class='ocr_par' dir='ltr' id='par_1_1' title="bbox 1001 1143 1020 1184">
     <span class='ocr_line' id='line_1_1' title="bbox 1001 1143 1020 1184; baseline 0 -4"><span class='ocrx_word' id='word_1_1' title='bbox 1001 1143 1020 1184; x_wconf 67' lang='grc' dir='ltr'>,ί</span> 
     </span>
    </p>
   </div>
   <div class='ocr_carea' id='block_1_2' title="bbox 688 1293 1012 1374">
    <p class='ocr_par' dir='ltr' id='par_1_2' title="bbox 688 1293 1012 1374">
     <span class='ocr_line' id='line_1_2' title="bbox 688 1293 1012 1374; baseline -0.003 -13"><span class='ocrx_word' id='word_1_2' title='bbox 688 1293 952 1374; x_wconf 79' lang='lat' dir='ltr'>Epimetrum</span> <span class='ocrx_word' id='word_1_3' title='bbox 979 1295 1012 1362; x_wconf 90' lang='lat'>1.</span> 
     </span>
    </p>
   </div>
   <div class='ocr_carea' id='block_1_3' title="bbox 325 1483 1390 1678">
    <p class='ocr_par' dir='ltr' id='par_1_3' title="bbox 325 1483 1390 1678">
     <span class='ocr_line' id='line_1_3' title="bbox 325 1483 1390 1577; baseline 0.002 -15"><span class='ocrx_word' id='word_1_4' title='bbox 325 1495 405 1572; x_wconf 73' lang='lat' dir='ltr'>bose</span> <span class='ocrx_word' id='word_1_5' title='bbox 430 1495 513 1562; x_wconf 79' lang='lat' dir='ltr'>ratio</span> <span class='ocrx_word' id='word_1_6' title='bbox 542 1495 664 1562; x_wconf 77' lang='lat' dir='ltr'>intersit</span> <span class='ocrx_word' id='word_1_7' title='bbox 693 1494 773 1560; x_wconf 77' lang='lat' dir='ltr'>inter</span> <span class='ocrx_word' id='word_1_8' title='bbox 803 1495 1079 1577; x_wconf 80' lang='lat' dir='ltr'>Pseudopluterobt</span> <span class='ocrx_word' id='word_1_9' title='bbox 1107 1483 1188 1562; x_wconf 81' lang='lat' dir='ltr'>vlt&#39;as</span> <span class='ocrx_word' id='word_1_10' title='bbox 1209 1495 1233 1560; x_wconf 79' lang='grc'>1</span> <span class='ocrx_word' id='word_1_11' title='bbox 1255 1498 1334 1562; x_wconf 81' lang='lat' dir='ltr'>oret.</span> <span class='ocrx_word' id='word_1_12' title='bbox 1359 1500 1390 1565; x_wconf 83' lang='lat' dir='ltr'>et</span> 
     </span>
     <span class='ocr_line' id='line_1_4' title="bbox 593 1607 1196 1678; baseline 0.007 -4"><span class='ocrx_word' id='word_1_13' title='bbox 593 1607 704 1675; x_wconf 78' lang='lat' dir='ltr'>Caecili</span> <span class='ocrx_word' id='word_1_14' title='bbox 729 1609 963 1676; x_wconf 78' lang='lat' dir='ltr'>decretoribus</span> <span class='ocrx_word' id='word_1_15' title='bbox 987 1609 1107 1676; x_wconf 81' lang='lat' dir='ltr'>librum.</span> <span class='ocrx_word' id='word_1_16' title='bbox 1194 1674 1196 1678; x_wconf 85' lang='lat'>.</span> 
     </span>
    </p>
   </div>
   <div class='ocr_carea' id='block_1_4' title="bbox 308 1828 1387 2497">
    <p class='ocr_par' dir='ltr' id='par_1_4' title="bbox 308 1828 1387 2497">
     <span class='ocr_line' id='line_1_5' title="bbox 411 1828 1387 1914; baseline 0.003 -21"><span class='ocrx_word' id='word_1_17' title='bbox 411 1828 464 1894; x_wconf 90' lang='lat' dir='ltr'>De</span> <span class='ocrx_word' id='word_1_18' title='bbox 486 1829 677 1911; x_wconf 76' lang='lat' dir='ltr'>Plutarchi,</span> <span class='ocrx_word' id='word_1_19' title='bbox 702 1850 791 1914; x_wconf 88' lang='lat' dir='ltr'>quae</span> <span class='ocrx_word' id='word_1_20' title='bbox 815 1830 893 1894; x_wconf 90' lang='lat' dir='ltr'>olim</span> <span class='ocrx_word' id='word_1_21' title='bbox 918 1829 1130 1912; x_wconf 83' lang='lat' dir='ltr'>ferebantur,</span> <span class='ocrx_word' id='word_1_22' title='bbox 1154 1831 1232 1896; x_wconf 83' lang='lat' dir='ltr'>vitis</span> <span class='ocrx_word' id='word_1_23' title='bbox 1254 1829 1288 1894; x_wconf 89' lang='lat' dir='ltr'>X</span> <span class='ocrx_word' id='word_1_24' title='bbox 1311 1852 1387 1896; x_wconf 87' lang='lat' dir='ltr'>ora·</span> 
     </span>
     <span class='ocr_line' id='line_1_6' title="bbox 321 1943 1384 2031; baseline 0.002 -23"><span class='ocrx_word' id='word_1_25' title='bbox 321 1943 433 2010; x_wconf 90' lang='lat' dir='ltr'>torum</span> <span class='ocrx_word' id='word_1_26' title='bbox 456 1951 635 2031; x_wconf 80' lang='lat' dir='ltr'>postquam</span> <span class='ocrx_word' id='word_1_27' title='bbox 654 1943 941 2010; x_wconf 87' lang='lat' dir='ltr'>Westcrmannus</span> <span class='ocrx_word' id='word_1_28' title='bbox 956 1946 992 2009; x_wconf 94' lang='lat' dir='ltr'>in</span> <span class='ocrx_word' id='word_1_29' title='bbox 1010 1945 1224 2031; x_wconf 79' lang='lat' dir='ltr'>praefatione</span> <span class='ocrx_word' id='word_1_30' title='bbox 1248 1947 1292 2010; x_wconf 91' lang='lat' dir='ltr'>ad</span> <span class='ocrx_word' id='word_1_31' title='bbox 1316 1946 1384 2011; x_wconf 93' lang='lat' dir='ltr'>edi·</span> 
     </span>
     <span class='ocr_line' id='line_1_7' title="bbox 320 2059 1386 2146; baseline -0.001 -21"><span class='ocrx_word' id='word_1_32' title='bbox 320 2061 448 2125; x_wconf 90' lang='lat' dir='ltr'>tionem</span> <span class='ocrx_word' id='word_1_33' title='bbox 471 2060 573 2124; x_wconf 92' lang='lat' dir='ltr'>huius</span> <span class='ocrx_word' id='word_1_34' title='bbox 597 2060 676 2124; x_wconf 88' lang='lat' dir='ltr'>libri</span> <span class='ocrx_word' id='word_1_35' title='bbox 697 2082 776 2146; x_wconf 87' lang='lat' dir='ltr'>pag.</span> <span class='ocrx_word' id='word_1_36' title='bbox 805 2063 911 2125; x_wconf 83' lang='lat'>1-22</span> <span class='ocrx_word' id='word_1_37' title='bbox 944 2066 978 2124; x_wconf 90' lang='lat' dir='ltr'>et</span> <span class='ocrx_word' id='word_1_38' title='bbox 1002 2059 1125 2125; x_wconf 91' lang='lat' dir='ltr'>deinde</span> <span class='ocrx_word' id='word_1_39' title='bbox 1148 2061 1183 2124; x_wconf 91' lang='lat' dir='ltr'>in</span> <span class='ocrx_word' id='word_1_40' title='bbox 1208 2060 1386 2135; x_wconf 79' lang='lat' dir='ltr'>Quaestio·</span> 
     </span>
     <span class='ocr_line' id='line_1_8' title="bbox 308 2173 1385 2263; baseline 0.001 -23"><span class='ocrx_word' id='word_1_41' title='bbox 308 2176 423 2240; x_wconf 88' lang='lat' dir='ltr'>&#39;nibus</span> <span class='ocrx_word' id='word_1_42' title='bbox 455 2174 726 2240; x_wconf 88' lang='lat' dir='ltr'>Demosthenicis</span> <span class='ocrx_word' id='word_1_43' title='bbox 760 2183 847 2263; x_wconf 87' lang='lat' dir='ltr'>part.</span> <span class='ocrx_word' id='word_1_44' title='bbox 878 2173 930 2240; x_wconf 89' lang='lat' dir='ltr'>IV</span> <span class='ocrx_word' id='word_1_45' title='bbox 959 2198 1036 2263; x_wconf 91' lang='lat' dir='ltr'>pag.</span> <span class='ocrx_word' id='word_1_46' title='bbox 1067 2179 1194 2240; x_wconf 79' lang='lat'>56-71</span> <span class='ocrx_word' id='word_1_47' title='bbox 1228 2183 1385 2242; x_wconf 91' lang='lat' dir='ltr'>accurate</span> 
     </span>
     <span class='ocr_line' id='line_1_9' title="bbox 322 2273 1384 2378; baseline 0.001 -24"><span class='ocrx_word' id='word_1_48' title='bbox 322 2291 498 2373; x_wconf 80' lang='lat' dir='ltr'>disseruit,</span> <span class='ocrx_word' id='word_1_49' title='bbox 529 2311 593 2356; x_wconf 88' lang='lat' dir='ltr'>neo</span> <span class='ocrx_word' id='word_1_50' title='bbox 620 2291 730 2356; x_wconf 91' lang='lat' dir='ltr'>minus</span> <span class='ocrx_word' id='word_1_51' title='bbox 759 2290 937 2354; x_wconf 83' lang='lat' dir='ltr'>Arnoldus</span> <span class='ocrx_word' id='word_1_52' title='bbox 970 2273 1155 2356; x_wconf 77' lang='lat' dir='ltr'>Schaserus</span> <span class='ocrx_word' id='word_1_53' title='bbox 1182 2291 1226 2356; x_wconf 93' lang='lat' dir='ltr'>in·</span> <span class='ocrx_word' id='word_1_54' title='bbox 1246 2293 1384 2378; x_wconf 88' lang='lat' dir='ltr'>propria</span> 
     </span>
     <span class='ocr_line' id='line_1_10' title="bbox 324 2404 1384 2497; baseline 0 -28"><span class='ocrx_word' id='word_1_55' title='bbox 324 2405 607 2470; x_wconf 79' lang='lat' dir='ltr'>commentatione</span> <span class='ocrx_word' id='word_1_56' title='bbox 631 2404 785 2469; x_wconf 87' lang='lat' dir='ltr'>Dresdac</span> <span class='ocrx_word' id='word_1_57' title='bbox 810 2426 899 2497; x_wconf 83' lang='lat' dir='ltr'>anno</span> <span class='ocrx_word' id='word_1_58' title='bbox 926 2407 1010 2468; x_wconf 93' lang='grc'>1844</span> <span class='ocrx_word' id='word_1_59' title='bbox 1037 2407 1128 2470; x_wconf 88' lang='lat' dir='ltr'>edita</span> <span class='ocrx_word' id='word_1_60' title='bbox 1153 2407 1268 2490; x_wconf 90' lang='lat' dir='ltr'>(quam</span> <span class='ocrx_word' id='word_1_61' title='bbox 1292 2407 1384 2491; x_wconf 91' lang='lat' dir='ltr'>quod</span> 
     </span>
    </p>
   </div>
   <div class='ocr_carea' id='block_1_5' title="bbox 320 2519 1385 2720">
    <p class='ocr_par' dir='ltr' id='par_1_5' title="bbox 320 2519 1385 2720">
     <span class='ocr_line' id='line_1_11' title="bbox 320 2519 1385 2606; baseline 0.001 -22"><span class='ocrx_word' id='word_1_62' title='bbox 320 2520 404 2584; x_wconf 92' lang='lat' dir='ltr'>mihi</span> <span class='ocrx_word' id='word_1_63' title='bbox 426 2539 549 2606; x_wconf 90' lang='lat' dir='ltr'>parare</span> <span class='ocrx_word' id='word_1_64' title='bbox 581 2539 650 2583; x_wconf 92' lang='lat' dir='ltr'>non</span> <span class='ocrx_word' id='word_1_65' title='bbox 677 2519 774 2606; x_wconf 91' lang='lat' dir='ltr'>potui</span> <span class='ocrx_word' id='word_1_66' title='bbox 802 2519 1024 2585; x_wconf 84' lang='lat' dir='ltr'>vehementer</span> <span class='ocrx_word' id='word_1_67' title='bbox 1052 2521 1168 2606; x_wconf 81' lang='lat' dir='ltr'>dole03</span> <span class='ocrx_word' id='word_1_68' title='bbox 1197 2523 1385 2587; x_wconf 87' lang='lat' dir='ltr'>summatim</span> 
     </span>
     <span class='ocr_line' id='line_1_12' title="bbox 320 2633 1384 2720; baseline 0 -22"><span class='ocrx_word' id='word_1_69' title='bbox 320 2640 434 2698; x_wconf 90' lang='lat' dir='ltr'>tamen</span> <span class='ocrx_word' id='word_1_70' title='bbox 460 2634 664 2698; x_wconf 88' lang='lat' dir='ltr'>sententiam</span> <span class='ocrx_word' id='word_1_71' title='bbox 688 2653 783 2698; x_wconf 90' lang='lat' dir='ltr'>suam</span> <span class='ocrx_word' id='word_1_72' title='bbox 807 2633 931 2698; x_wconf 88' lang='lat' dir='ltr'>iterum</span> <span class='ocrx_word' id='word_1_73' title='bbox 955 2636 1114 2720; x_wconf 86' lang='lat' dir='ltr'>exposuit</span> <span class='ocrx_word' id='word_1_74' title='bbox 1138 2643 1255 2714; x_wconf 84' lang='lat' dir='ltr'>auctor</span> <span class='ocrx_word' id='word_1_75' title='bbox 1269 2635 1304 2699; x_wconf 91' lang='lat' dir='ltr'>in</span> <span class='ocrx_word' id='word_1_76' title='bbox 1326 2657 1384 2700; x_wconf 90' lang='lat' dir='ltr'>an·</span> 
     </span>
    </p>
   </div>
   <div class='ocr_carea' id='block_1_6' title="bbox 233 2749 1383 4214">
    <p class='ocr_par' dir='ltr' id='par_1_6' title="bbox 233 2749 1383 4214">
     <span class='ocr_line' id='line_1_13' title="bbox 233 2749 1382 2840; baseline -0.002 -26"><span class='ocrx_word' id='word_1_77' title='bbox 233 2833 237 2840; x_wconf 36' lang='grc'><em>,</em></span> <span class='ocrx_word' id='word_1_78' title='bbox 320 2750 456 2815; x_wconf 84' lang='lat' dir='ltr'>natibus</span> <span class='ocrx_word' id='word_1_79' title='bbox 481 2749 688 2835; x_wconf 86' lang='lat' dir='ltr'>antiquitatis</span> <span class='ocrx_word' id='word_1_80' title='bbox 714 2751 798 2813; x_wconf 90' lang='grc'>1848</span> <span class='ocrx_word' id='word_1_81' title='bbox 822 2771 898 2835; x_wconf 85' lang='lat' dir='ltr'>pag.</span> <span class='ocrx_word' id='word_1_82' title='bbox 924 2750 1021 2833; x_wconf 59' lang='lat' dir='ltr'>aab:</span> <span class='ocrx_word' id='word_1_83' title='bbox 1047 2771 1092 2814; x_wconf 86' lang='lat' dir='ltr'>ex</span> <span class='ocrx_word' id='word_1_84' title='bbox 1116 2750 1293 2834; x_wconf 87' lang='lat' dir='ltr'>utriusque</span> <span class='ocrx_word' id='word_1_85' title='bbox 1318 2750 1382 2814; x_wconf 84' lang='lat' dir='ltr'>viri</span> 
     </span>
     <span class='ocr_line' id='line_1_14' title="bbox 322 2865 1380 2950; baseline 0 -22"><span class='ocrx_word' id='word_1_86' title='bbox 322 2865 577 2950; x_wconf 89' lang='lat' dir='ltr'>quaestionibus</span> <span class='ocrx_word' id='word_1_87' title='bbox 605 2870 734 2929; x_wconf 87' lang='lat' dir='ltr'>certum</span> <span class='ocrx_word' id='word_1_88' title='bbox 763 2871 813 2928; x_wconf 88' lang='lat' dir='ltr'>est</span> <span class='ocrx_word' id='word_1_89' title='bbox 844 2865 929 2929; x_wconf 89' lang='lat' dir='ltr'>duas</span> <span class='ocrx_word' id='word_1_90' title='bbox 958 2887 1035 2930; x_wconf 88' lang='lat' dir='ltr'>esse</span> <span class='ocrx_word' id='word_1_91' title='bbox 1069 2872 1184 2950; x_wconf 88' lang='lat' dir='ltr'>partes</span> <span class='ocrx_word' id='word_1_92' title='bbox 1216 2867 1380 2950; x_wconf 88' lang='lat' dir='ltr'>cuiusque</span> 
     </span>
     <span class='ocr_line' id='line_1_15' title="bbox 319 2971 1383 3066; baseline -0.003 -21"><span class='ocrx_word' id='word_1_93' title='bbox 319 2980 425 3046; x_wconf 87' lang='lat' dir='ltr'>vitae:</span> <span class='ocrx_word' id='word_1_94' title='bbox 448 2980 555 3066; x_wconf 88' lang='lat' dir='ltr'>prima</span> <span class='ocrx_word' id='word_1_95' title='bbox 577 2981 620 3044; x_wconf 92' lang='lat' dir='ltr'>ab</span> <span class='ocrx_word' id='word_1_96' title='bbox 645 2985 785 3044; x_wconf 87' lang='lat' dir='ltr'>auctore</span> <span class='ocrx_word' id='word_1_97' title='bbox 811 2980 973 3043; x_wconf 86' lang='lat' dir='ltr'>continuo</span> <span class='ocrx_word' id='word_1_98' title='bbox 999 2980 1125 3065; x_wconf 88' lang='lat' dir='ltr'>scripta</span> <span class='ocrx_word' id='word_1_99' title='bbox 1150 2971 1212 3062; x_wconf 87' lang='lat' dir='ltr'>est,</span> <span class='ocrx_word' id='word_1_100' title='bbox 1241 2981 1383 3044; x_wconf 88' lang='lat' dir='ltr'>oratoris</span> 
     </span>
     <span class='ocr_line' id='line_1_16' title="bbox 319 3093 1381 3178; baseline -0.001 -20"><span class='ocrx_word' id='word_1_101' title='bbox 319 3095 423 3159; x_wconf 84' lang='lat' dir='ltr'>vitam</span> <span class='ocrx_word' id='word_1_102' title='bbox 461 3095 611 3159; x_wconf 83' lang='lat' dir='ltr'>breviter</span> <span class='ocrx_word' id='word_1_103' title='bbox 651 3093 881 3178; x_wconf 88' lang='lat' dir='ltr'>adumbrans;</span> <span class='ocrx_word' id='word_1_104' title='bbox 914 3094 1023 3157; x_wconf 90' lang='lat' dir='ltr'>altera</span> <span class='ocrx_word' id='word_1_105' title='bbox 1044 3111 1139 3178; x_wconf 66' lang='lat' dir='ltr'>&#39;pars</span> <span class='ocrx_word' id='word_1_106' title='bbox 1182 3093 1267 3157; x_wconf 90' lang='lat' dir='ltr'>nihil</span> <span class='ocrx_word' id='word_1_107' title='bbox 1302 3115 1381 3158; x_wconf 90' lang='lat' dir='ltr'>oon-</span> 
     </span>
     <span class='ocr_line' id='line_1_17' title="bbox 318 3207 1381 3294; baseline -0.001 -19"><span class='ocrx_word' id='word_1_108' title='bbox 318 3211 406 3275; x_wconf 88' lang='lat' dir='ltr'>tinui</span> <span class='ocrx_word' id='word_1_109' title='bbox 439 3210 565 3291; x_wconf 87' lang='lat' dir='ltr'>habet,</span> <span class='ocrx_word' id='word_1_110' title='bbox 601 3209 662 3274; x_wconf 88' lang='lat' dir='ltr'>sed</span> <span class='ocrx_word' id='word_1_111' title='bbox 697 3211 908 3274; x_wconf 82' lang='lat' dir='ltr'>accessiones</span> <span class='ocrx_word' id='word_1_112' title='bbox 945 3215 1023 3274; x_wconf 90' lang='lat' dir='ltr'>sunt</span> <span class='ocrx_word' id='word_1_113' title='bbox 1059 3207 1303 3294; x_wconf 83' lang='lat' dir='ltr'>quaedam&#39;ex</span> <span class='ocrx_word' id='word_1_114' title='bbox 1334 3210 1381 3274; x_wconf 92' lang='lat' dir='ltr'>di·</span> 
     </span>
     <span class='ocr_line' id='line_1_18' title="bbox 318 3321 1380 3409; baseline -0.007 -18"><span class='ocrx_word' id='word_1_115' title='bbox 318 3325 426 3392; x_wconf 79' lang='lat' dir='ltr'>versis</span> <span class='ocrx_word' id='word_1_116' title='bbox 452 3324 648 3388; x_wconf 84' lang='lat' dir='ltr'>auctoribus</span> <span class='ocrx_word' id='word_1_117' title='bbox 673 3330 870 3409; x_wconf 83' lang='lat' dir='ltr'>excerptae,</span> <span class='ocrx_word' id='word_1_118' title='bbox 903 3323 1026 3407; x_wconf 91' lang='lat' dir='ltr'>quihus</span> <span class='ocrx_word' id='word_1_119' title='bbox 1057 3323 1170 3407; x_wconf 89' lang='lat' dir='ltr'>priora</span> <span class='ocrx_word' id='word_1_120' title='bbox 1198 3323 1258 3386; x_wconf 87' lang='lat' dir='ltr'>illa</span> <span class='ocrx_word' id='word_1_121' title='bbox 1281 3321 1380 3387; x_wconf 92' lang='lat' dir='ltr'>modo</span> 
     </span>
     <span class='ocr_line' id='line_1_19' title="bbox 322 3438 1382 3525; baseline -0.004 -21"><span class='ocrx_word' id='word_1_122' title='bbox 322 3446 525 3525; x_wconf 81' lang='lat' dir='ltr'>augeantur,</span> <span class='ocrx_word' id='word_1_123' title='bbox 547 3439 648 3503; x_wconf 94' lang='lat' dir='ltr'>modo</span> <span class='ocrx_word' id='word_1_124' title='bbox 665 3440 892 3524; x_wconf 87' lang='lat' dir='ltr'>corrigantur,</span> <span class='ocrx_word' id='word_1_125' title='bbox 915 3438 1015 3502; x_wconf 94' lang='lat' dir='ltr'>modo</span> <span class='ocrx_word' id='word_1_126' title='bbox 1032 3439 1148 3523; x_wconf 89' lang='lat' dir='ltr'>aliqua</span> <span class='ocrx_word' id='word_1_127' title='bbox 1171 3439 1306 3502; x_wconf 91' lang='lat' dir='ltr'>omnino</span> <span class='ocrx_word' id='word_1_128' title='bbox 1329 3459 1382 3501; x_wconf 90' lang='lat' dir='ltr'>ra-</span> 
     </span>
     <span class='ocr_line' id='line_1_20' title="bbox 319 3539 1380 3638; baseline -0.005 -19"><span class='ocrx_word' id='word_1_129' title='bbox 319 3555 413 3619; x_wconf 89' lang='lat' dir='ltr'>tione</span> <span class='ocrx_word' id='word_1_130' title='bbox 436 3553 622 3619; x_wconf 83' lang='lat' dir='ltr'>varientur.</span> <span class='ocrx_word' id='word_1_131' title='bbox 670 3553 793 3616; x_wconf 82' lang='lat' dir='ltr'>Totum</span> <span class='ocrx_word' id='word_1_132' title='bbox 816 3552 942 3616; x_wconf 87' lang='lat' dir='ltr'>deinde</span> <span class='ocrx_word' id='word_1_133' title='bbox 963 3573 1047 3637; x_wconf 93' lang='lat' dir='ltr'>opus</span> <span class='ocrx_word' id='word_1_134' title='bbox 1067 3539 1280 3638; x_wconf 89' lang='lat' dir='ltr'>quodipsius</span> <span class='ocrx_word' id='word_1_135' title='bbox 1301 3549 1380 3614; x_wconf 92' lang='lat' dir='ltr'>Plu-</span> 
     </span>
     <span class='ocr_line' id='line_1_21' title="bbox 317 3645 1382 3748; baseline -0.004 -15"><span class='ocrx_word' id='word_1_136' title='bbox 317 3668 430 3735; x_wconf 87' lang='lat' dir='ltr'>tarchi</span> <span class='ocrx_word' id='word_1_137' title='bbox 453 3645 668 3732; x_wconf 86' lang='lat' dir='ltr'>collectanea</span> <span class='ocrx_word' id='word_1_138' title='bbox 692 3687 768 3730; x_wconf 92' lang='lat' dir='ltr'>esse</span> <span class='ocrx_word' id='word_1_139' title='bbox 799 3667 918 3730; x_wconf 92' lang='lat' dir='ltr'>statuit</span> <span class='ocrx_word' id='word_1_140' title='bbox 939 3664 1238 3748; x_wconf 88' lang='lat' dir='ltr'>Westermannus,</span> <span class='ocrx_word' id='word_1_141' title='bbox 1269 3686 1382 3730; x_wconf 87' lang='lat' dir='ltr'>acces-</span> 
     </span>
     <span class='ocr_line' id='line_1_22' title="bbox 319 3781 1382 3868; baseline -0.003 -21"><span class='ocrx_word' id='word_1_142' title='bbox 319 3784 432 3848; x_wconf 88' lang='lat' dir='ltr'>siones</span> <span class='ocrx_word' id='word_1_143' title='bbox 450 3803 585 3868; x_wconf 88' lang='lat' dir='ltr'>quoque</span> <span class='ocrx_word' id='word_1_144' title='bbox 603 3783 646 3846; x_wconf 87' lang='lat' dir='ltr'>ab</span> <span class='ocrx_word' id='word_1_145' title='bbox 665 3802 703 3846; x_wconf 93' lang='lat' dir='ltr'>eo</span> <span class='ocrx_word' id='word_1_146' title='bbox 716 3783 789 3867; x_wconf 91' lang='lat' dir='ltr'>ipso</span> <span class='ocrx_word' id='word_1_147' title='bbox 808 3781 949 3846; x_wconf 86' lang='lat' dir='ltr'>diversis</span> <span class='ocrx_word' id='word_1_148' title='bbox 967 3782 1178 3867; x_wconf 90' lang='lat' dir='ltr'>temporibus</span> <span class='ocrx_word' id='word_1_149' title='bbox 1194 3781 1382 3865; x_wconf 89' lang='lat' dir='ltr'>adscriptas</span> 
     </span>
     <span class='ocr_line' id='line_1_23' title="bbox 319 3894 1381 3982; baseline -0.005 -20"><span class='ocrx_word' id='word_1_150' title='bbox 319 3897 384 3963; x_wconf 89' lang='lat' dir='ltr'>sibi</span> <span class='ocrx_word' id='word_1_151' title='bbox 405 3895 519 3980; x_wconf 82' lang='lat' dir='ltr'>finxit3</span> <span class='ocrx_word' id='word_1_152' title='bbox 537 3896 628 3981; x_wconf 88' lang='lat' dir='ltr'>quod</span> <span class='ocrx_word' id='word_1_153' title='bbox 648 3894 824 3961; x_wconf 89' lang='lat' dir='ltr'>Plutarchi</span> <span class='ocrx_word' id='word_1_154' title='bbox 842 3896 1068 3982; x_wconf 83' lang='lat' dir='ltr'>patrocinium</span> <span class='ocrx_word' id='word_1_155' title='bbox 1083 3903 1202 3982; x_wconf 89' lang='lat' dir='ltr'>postea</span> <span class='ocrx_word' id='word_1_156' title='bbox 1218 3895 1381 3960; x_wconf 89' lang='lat' dir='ltr'>dimisisse</span> 
     </span>
     <span class='ocr_line' id='line_1_24' title="bbox 322 4011 1382 4078; baseline -0.004 -1"><span class='ocrx_word' id='word_1_157' title='bbox 322 4013 470 4078; x_wconf 84' lang='lat' dir='ltr'>videtur.</span> <span class='ocrx_word' id='word_1_158' title='bbox 529 4012 714 4077; x_wconf 77' lang='lat' dir='ltr'>Schaferus</span> <span class='ocrx_word' id='word_1_159' title='bbox 759 4011 1053 4078; x_wconf 86' lang='lat' dir='ltr'>adumbrationem</span> <span class='ocrx_word' id='word_1_160' title='bbox 1092 4013 1188 4076; x_wconf 90' lang='lat' dir='ltr'>illam</span> <span class='ocrx_word' id='word_1_161' title='bbox 1226 4011 1316 4076; x_wconf 86' lang='lat' dir='ltr'>vitae</span> <span class='ocrx_word' id='word_1_162' title='bbox 1362 4031 1382 4073; x_wconf 90' lang='lat' dir='ltr'>a</span> 
     </span>
     <span class='ocr_line' id='line_1_25' title="bbox 324 4126 1381 4214; baseline -0.004 -22"><span class='ocrx_word' id='word_1_163' title='bbox 324 4129 486 4214; x_wconf 88' lang='lat' dir='ltr'>scriptore</span> <span class='ocrx_word' id='word_1_164' title='bbox 515 4129 662 4214; x_wconf 89' lang='lat' dir='ltr'>quodam</span> <span class='ocrx_word' id='word_1_165' title='bbox 689 4127 852 4214; x_wconf 81' lang='lat' dir='ltr'>Dionysio</span> <span class='ocrx_word' id='word_1_166' title='bbox 876 4127 1143 4192; x_wconf 86' lang='lat' dir='ltr'>Halicarnasseo</span> <span class='ocrx_word' id='word_1_167' title='bbox 1174 4147 1244 4190; x_wconf 91' lang='lat' dir='ltr'>non</span> <span class='ocrx_word' id='word_1_168' title='bbox 1273 4126 1381 4189; x_wconf 92' lang='lat' dir='ltr'>multo</span> 
     </span>
    </p>
   </div>
   <div class='ocr_carea' id='block_1_7' title="bbox 0 0 1653 5006">
    <p class='ocr_par' dir='ltr' id='par_1_7' title="bbox 0 0 1653 5006">
     <span class='ocr_line' id='line_1_26' title="bbox 0 0 1653 5006; baseline 0 0"><span class='ocrx_word' id='word_1_169' title='bbox 0 0 1653 5006; x_wconf 95' lang='lat' dir='ltr'> </span> 
     </span>
    </p>
   </div>
  </div>
 </body>
</html>
