3290 5006
714 397 1025 481 -as-'

281 598 387 674 Quod
410 603 524 664 autem
550 596 766 680 arrogantiae
789 592 964 658 rhetorem
987 594 1144 672 accusat,
1168 587 1226 675 qui
1248 586 1348 653 homo

286 713 478 779 Graeculus
502 711 545 778 110
569 711 733 777 1101001110
758 694 978 794 scriptoribus
1007 706 1160 772 iudicare
1188 705 1360 787 voluerit„
1478 727 1481 734 ·

284 835 399 894 utrum
420 829 538 893 merito
562 827 683 892 lecerit
701 823 907 889 Plutarchus
931 841 1050 904 necne,
1073 843 1165 888 nunc
1188 822 1255 886 iam
1278 821 1345 885 dis·

279 950 419 1030 captare
457 964 527 1009 non
559 962 749 1028 possumus.
813 939 868 1003 Ne
899 945 1013 1004 tamen
1048 938 1187 1004 nimium
1218 937 1348 1002 rhetori

281 1058 414 1124 Graeco
437 1058 640 1139 tribuamus,
662 1055 751 1120 illud
776 1055 867 1140 quod
889 1052 1120 1128 Quintilianus
1140 1051 1242 1135 VIII,
1254 1054 1286 1134 3,
1302 1054 1345 1118 35

281 1173 325 1238 de
342 1172 486 1239 Sisenna
502 1173 607 1239 tradit
625 1171 670 1238 ad
690 1169 874 1237 Caecilium
890 1168 1066 1255 Epirotam
1081 1169 1345 1254 grammaticum,

279 1287 448 1353 Calactini
473 1287 671 1374 aequalem,
699 1287 872 1372 pertinere
895 1285 1105 1371 putaverim,
1135 1283 1178 1349 de
1207 1303 1274 1368 quo
1299 1282 1344 1348 cf.

278 1400 422 1466 Sueton.
459 1402 501 1467 de
536 1406 713 1487 grammat.
744 1421 796 1486 cp.
828 1401 879 1464 16.
930 1398 1021 1463 Dicit
1060 1399 1150 1463 enim
1180 1396 1343 1472 Quintil:

281 1515 393 1588 ,idem
415 1514 563 1599 (Cicero)
587 1521 685 1601 putat
709 1537 730 1578 a
753 1514 914 1580 Terentio
946 1513 1092 1601 primum
1115 1513 1242 1578 dictum
1266 1531 1342 1594 0000

282 1629 536 1714 ,obsequium,“
563 1628 729 1694 Caecilius
754 1629 928 1696 aSisenna
954 1628 1104 1712 „albenti
1123 1628 1260 1712 coelo“;
1282 1648 1342 1694 ue·

279 1763 345 1830 que
369 1744 551 1809 verisimile
576 1751 628 1810 est
651 1743 823 1810 rhetorem
839 1745 1009 1812 Graecum
1026 1746 1179 1832 quamvis
1202 1743 1341 1829 linguae

277 1857 452 1922 Romanae
476 1859 717 1944 peritissimum
739 1861 775 1924 in
797 1861 879 1926 talia
900 1860 1128 1947 inquisivisse.

365 1971 438 2038 Iam
462 1995 506 2038 ex
529 1975 581 2040 his
605 1975 762 2041 omnibus
786 1975 868 2040 satis
894 1994 1060 2060 apparere
1082 1979 1165 2060 puto
1189 1972 1271 2058 quid
1294 1971 1338 2038 de

274 2085 404 2153 Caecili
427 2095 462 2154 et
485 2088 662 2174 diligentia
684 2096 718 2154 et
738 2091 876 2176 ingenio
898 2090 1118 2155 iudicandum
1135 2088 1338 2172 existimem

276 2224 395 2269 verum
417 2211 532 2269 tamen
557 2211 594 2268 ut
612 2204 812 2286 summatim,
837 2224 925 2288 quae
943 2203 1026 2268 mihi
1043 2223 1179 2288 quoque
1195 2202 1335 2267 videan-

273 2323 346 2400 tur,
373 2325 544 2404 repetam,
573 2317 828 2384 Westermanni
859 2319 967 2385 verba
997 2318 1180 2404 adponam,
1209 2317 1267 2405 qui
1299 2316 1336 2380 in

275 2435 532 2517 quaestionibus
557 2434 827 2501 Demosthenicis
851 2441 938 2520 part.
954 2431 1007 2497 IV
1021 2455 1099 2520 pag.
1116 2434 1158 2497 42
1181 2431 1267 2499 haee
1291 2432 1334 2498 de

274 2545 424 2614 Caecilio
457 2551 581 2615 habet:
613 2550 677 2631 ,nt
705 2550 799 2617 hunc
831 2552 969 2636 quidem
998 2553 1122 2617 librum
1150 2551 1235 2636 (0011.
1266 2549 1333 2615 De·

274 2665 481 2743 „mostheuis
506 2672 539 2729 et
563 2665 736 2730 Ciceronis
760 2669 1059 2752 comparationem)
1088 2666 1153 2731 etsi
1176 2666 1333 2732 concedi·

272 2799 367 2858 ,mus
396 2778 583 2844 Plutarcho
622 2780 856 2865 imprudenter
888 2783 1048 2868 scriptum
1083 2782 1333 2868 temerarioque

272 2893 451 2973 ,editionis
475 2894 618 2960 consilio
641 2897 823 2983 vulgatum
847 2919 934 2982 esse,
962 2899 1027 2964 etsi
1048 2903 1229 2985 praeterea
1252 2917 1332 2974 con·

271 3007 462 3089 ,cedimus,
489 3010 597 3075 multa
621 3010 806 3076 Caecilium
828 3020 958 3079 temere
980 3016 1087 3100 magis
1112 3021 1147 3080 et
1169 3016 1333 3082 audacter

269 3143 394 3208 ,quam
416 3122 590 3188 moderate
619 3126 903 3215 considerateque
927 3129 1113 3215 scripsisse,
1143 3131 1332 3195 cuiusmodi

269 3244 370 3316 ,sunt
402 3259 492 3325 quae
522 3242 665 3325 protulit
689 3244 734 3309 de'
754 3245 1036 3331 praeceptoribus
1061 3245 1272 3332 Thucydidis
1298 3253 1331 3312 et

269 3353 470 3430 ,Aeschinis
495 3353 608 3442 deque
625 3356 740 3442 Lysia,
763 3359 858 3424 haud
873 3367 1013 3444 possum
1029 3367 1144 3427 tamen
1161 3363 1196 3428 in
1214 3382 1331 3428 eorum

268 3471 491 3547 ,sententiam
519 3470 725 3555 concedere,
756 3473 815 3559 qui
846 3494 925 3538 eum
954 3481 1128 3563 tamquam
1159 3478 1331 3544 hominem

267 3582 386 3662 ,nulla
408 3582 475 3649 fide
500 3585 641 3671 dignum
664 3595 905 3675 aspernantur,
937 3593 1137 3676 praesertim
1167 3614 1244 3657 cum
1275 3594 1329 3660 vir

267 3697 322 3778 ,in
344 3698 489 3766 testibus
513 3702 679 3786 eligendis
698 3705 909 3771 cautissimus
929 3704 1158 3782 Quintilianus
1174 3709 1328 3797 aliquan·

264 3817 357 3891 ,tum
380 3815 588 3880 auctoritatis
614 3817 644 3882 ei
667 3819 807 3902 tribuat,
832 3840 944 3907 eaque
966 3823 1051 3907 ipsa,
1076 3843 1165 3910 quae
1190 3843 1235 3888 ex
1252 3825 1326 3892 eius

264 3924 379 4004 ,libris
404 3927 459 3993 hio
481 3927 552 3994 illic
582 3940 746 4020 excerpta
776 3933 1009 4022 reperiuntur,
1042 3940 1151 4006 virum
1182 3943 1328 4027 prodant

265 4060 367 4116 „sane
392 4063 492 4128 quam
516 4044 714 4131 diligentem
745 4054 849 4134 atque
877 4049 971 4115 haud
999 4051 1274 4142 imprudentem,
1291 4059 1328 4124 id

140 4147 144 4168 ¹
264 4154 378 4237 ,quod
401 4175 446 4222 ex
468 4155 713 4244 Antiphonteis
735 4161 969 4248 intelligitur.“
