3290 5006
687 393 908 454 ...41-

350 569 404 634 Fr.
429 569 470 633 32
501 561 711 652 ἀφαίρεσις
743 590 808 634 non
838 569 955 652 liquet,
986 567 1063 651 quid
1091 569 1151 636 hoc
1173 572 1330 640 vocabulo

261 683 474 766 significetur,
509 679 619 759 λέξεως
652 681 782 765 quidem
815 678 973 767 ἀφαίρεσιν
1007 685 1135 749 videtur
1165 685 1328 754 Caecilius

262 795 416 862 statuisse
438 796 472 861 in
495 795 545 862 his
569 799 739 863 verborum
762 797 874 864 formis
898 793 1075 882 ἐφὶνάραται
1097 809 1129 864 ct
1152 796 1330 883 τετάχαται

261 927 342 992 quae
367 911 452 994 apud
477 911 578 976 Tbuo.
604 911 662 990 Ill,
688 913 740 995 13,
764 913 786 976 4
809 912 967 995 leguntur.

349 1026 403 1092 Fr.
428 1027 470 1090 33
493 1021 688 1100 ἀλλοίωσις
709 1021 876 1110 ὀνομάτων,
906 1022 1082 1111 προσώπων,
1114 1024 1228 1112 χρόνων
1262 1031 1331 1114 (ac-

259 1138 345 1203 cedit
367 1138 507 1205 fortasse
530 1135 651 1216 παῖνῶν,
674 1141 703 1206 si
726 1141 856 1224 quidem
878 1142 1067 1208 Alexander
1089 1137 1156 1227 περὶ
1179 1164 1226 1227 cy.
1251 1165 1327 1228 pag.

258 1254 538 1337 crisopacion
562 1239 625 1337 quo
645 1257 795 1322 Tiberius
819 1264 950 1323 auctore
975 1278 1053 1324 usus
1073 1256 1154 1342 est);
1179 1260 1328 1344 exempla

262 1368 438 1434 afferuntur
461 1369 686 1455 Thucydidea,
710 1371 976 1456 Demosthenioa,
1011 1374 1209 1458 Eupolidea,
1240 1377 1329 1440 Enri-

261 1483 368 1568 pidea.

353 1600 376 1660 l'
378 1621 402 1664 r.
417 1601 459 1662 34
484 1591 733 1683 παρεμβολὴι
757 1603 858 1666 verba
881 1601 966 1666 inter
988 1602 1144 1668 orationis
1168 1603 1327 1669 continua

260 1715 380 1780 tionem
421 1715 604 1799 interiecta3
639 1715 788 1799 exempla
826 1735 865 1780 ex
901 1713 1111 1799 Thucydide,
1152 1716 1327 1800 Herodoto,

260 1827 426 1914 Euripide.

350 1945 402 2008 Fr.
428 1943 470 2008 35
494 1943 627 2020 Quintil.
651 1944 713 2026 IX,
744 1945 775 2027 3,
806 1945 847 2008 38
878 1943 962 2009 hanc
992 1963 1097 2009 rerum
1128 1945 1329 2010 coniunctam

261 2057 484 2124 diversitatem
509 2058 669 2124 Caecilius
694 2053 916 2142 μεταβολὴν
939 2065 1045 2143 vocat,
1068 2060 1173 2141 qualis
1198 2067 1247 2126 est
1269 2081 1328 2145 pro

123 2243 148 2266 k
263 2175 411 2240 Cluentio
442 2175 530 2240 locus
565 2175 597 2238 in
621 2174 835 2259 Oppianicum
869 2175 954 2260 (cap.
990 2172 1327 2258 14,§.41):i11um

262 2287 394 2354 tabulas
417 2288 565 2373 publicas
591 2327 631 2337 -
656 2291 838 2374 corrupisse
862 2323 901 2338 -
928 2309 1010 2354 cnm
1033 2288 1105 2355 illo
1128 2289 1193 2354 iam
1217 2310 1324 2356 nemo

262 2404 419 2470 rationem
442 2441 486 2450 —
509 2404 741 2488 contrahebat3
772 2423 886 2470 nemo
916 2404 1032 2469 illum
1060 2440 1114 2490 -,
1144 2425 1255 2470 nemo
1285 2405 1328 2469 il·

261 2519 341 2584 lurn
359 2509 416 2602 ⁸—,
440 2539 558 2586 nemo
581 2555 634 2602 —,
658 2539 795 2586 omnes
820 2521 1088 2604 aspernabantur,
1113 2540 1246 2586 ornnes
1271 2520 1328 2585 ab·

263 2631 440 2700 horrebant
463 2641 524 2700 etc.
541 2631 581 2718 33)
651 2687 653 2690 .

348 2746 402 2813 rr.
427 2749 470 2814 36
493 2748 603 2824 Quint.
626 2749 683 2831 IX,
708 2750 739 2833 3,
763 2750 804 2814 91
829 2749 1001 2814 verborum
1029 2754 1134 2813 autem
1166 2747 1326 2814 concinna
1418 2776 1421 2784 ·

261 2863 489 2946 transgressio,
523 2862 557 2926 id
591 2869 643 2928 est
677 2863 951 2948 hyperbaton,
986 2860 1090 2943 quod
1119 2861 1326 2928 Caecilius

261 2995 420 3059 quoqne
458 2983 576 3061 putat
610 2976 792 3061 schema,
828 2999 848 3042 a
882 2975 976 3042 nobis
1013 2982 1064 3041 est
1096 2976 1181 3068 inter
1213 2983 1324 3060 tropos

262 3089 434 3176 posita.³⁴)

331 3355 363 3418 ⁸⁸)
381 3353 426 3406 Ex
443 3353 496 3408 hoc
515 3352 644 3422 exemplo
663 3351 781 3407 divinari
799 3353 871 3421 licet,
892 3352 1022 3422 quidnam
1035 3352 1173 3408 Caecilius
1191 3352 1325 3420 voluerit3

258 3457 323 3506 nam
341 3441 420 3496 huius
439 3457 570 3511 graecum
589 3439 745 3510 exemplam
757 3441 845 3496 latino
858 3441 1024 3496 simillimum
1036 3439 1126 3497 fuisse
1137 3457 1256 3497 necesse
1269 3445 1323 3512 est.

331 3531 364 3597 ³⁸)
383 3529 431 3583 Ad
458 3528 612 3586 Caecilium
635 3529 719 3600 igitur
742 3530 883 3599 respicere
911 3528 1023 3584 videtur
1041 3529 1154 3594 Quintil.
1173 3529 1222 3598 IX,
1242 3531 1266 3599 3,
1285 3533 1321 3586 23

262 3617 327 3682 „illa
345 3633 454 3686 quoque
480 3633 515 3672 ex
542 3618 641 3672 eodem
658 3633 760 3688 genere
778 3621 896 3687 possunt
919 3618 1023 3672 videri:
1047 3631 1129 3672 unum
1148 3618 1222 3687 quod
1239 3617 1322 3672 inter·

259 3705 427 3775 positionem
434 3706 480 3761 vel
491 3705 718 3761 interclusionem
728 3707 854 3777 dicimus,
868 3705 968 3761 Graeci
975 3706 1152 3777 nuperorum,
1161 3707 1327 3778 παρέμπτω-

150 3865 154 3873 .
259 3809 306 3845 σιν
322 3799 426 3849 vocant
442 3797 488 3863 (an
508 3795 612 3850 Caecili
632 3795 810 3867 παρεμβολήν
826 3795 1011 3865 significati),
1037 3793 1101 3848 dum
1126 3793 1325 3849 continuationi

259 3882 395 3937 sermonis
413 3882 521 3936 medius
542 3882 644 3953 aliquis
665 3897 766 3938 sensus
785 3883 938 3938 intervenit
962 3912 995 3923 -
1020 3882 1065 3936 cui
1083 3881 1207 3936 adiciunt
1224 3881 1326 3952 hyper·

258 3968 354 4038 baton,
374 3969 467 4040 quod
484 3969 578 4025 inter
595 3976 722 4040 tropos
741 3985 820 4026 ease
837 3970 1053 4025 noluerunt“
1073 3975 1125 4025 etc.
1144 3969 1180 4024 cf.
1199 3969 1324 4024 Alexan-

259 4057 338 4112 drum
355 4074 420 4129 pag.
438 4061 492 4115 483
511 4075 534 4114 s.
552 4074 581 4114 v.
599 4058 757 4130 παρεμβολή
775 4058 857 4113 huius
877 4063 905 4113 et
923 4057 1074 4129 hyperbati
1089 4057 1238 4128 figurarum
1250 4057 1325 4112 simi·

258 4144 401 4200 litudinem
420 4150 449 4200 et
468 4145 682 4216 discrepantiam
700 4151 897 4216 exponentem3
918 4146 966 4216 qui
985 4162 1046 4201 cum
1065 4147 1232 4218 adncprpp.
1250 4145 1325 4200 idem
