3290 5006
683 431 724 442 ...
773 397 902 459 17,-

350 567 423 636 Ium
455 569 597 636 alterius
632 568 904 637 Geeciliancrum
938 571 1141 659 scriptorum
1175 575 1326 661 generis,

266 683 356 772 qnod
384 684 428 751 ad
459 693 566 751 artem
593 684 797 752 rhetoricam
824 687 990 771 pertinet,
1023 687 1152 774 primus
1178 689 1207 755 is
1235 689 1325 756 liber

262 799 491 867 nominandus
515 807 578 884 est,
603 821 703 888 quem
726 801 777 867 dc
805 802 953 888 liguris
978 801 1084 868 edidit
1105 809 1194 870 teste
1218 803 1327 879 Quin·

260 915 378 982 tiliano
401 914 465 999 IX,
487 917 521 1000 3,
543 918 602 981 89:
641 917 746 998 ,haec
771 917 884 984 emnia
915 917 1003 1002 (scil.
1028 917 1070 984 de
1098 918 1217 1006 liguris
1245 939 1328 986 vcr-

260 1029 383 1097 bornm
411 1037 446 1098 et
476 1031 736 1117 sententiarum)
768 1031 937 1119 copiosius
966 1039 1047 1099 sunt
1082 1035 1235 1101 exsecuti
1265 1035 1338 1132 qui,

259 1167 330 1214 nen
350 1155 389 1214 ut
404 1153 537 1235 partem
556 1148 667 1235 operis
680 1154 967 1233 transcurrerunt,
984 1149 1046 1215 sed
1061 1150 1197 1236 propris
1214 1149 1323 1216 libres

259 1263 338 1328 huic
367 1264 462 1350 operi
490 1263 757 1347 dedicaverunt,
796 1265 883 1330 sicut
914 1263 1098 1347 Caecilius,
1126 1264 1323 1352 Dionysius,

259 1378 425 1463 Rutilius,
462 1379 680 1463 Cornificius,
719 1378 886 1447 Visellius
924 1381 1049 1469 aliique
1080 1402 1150 1447 non
1187 1381 1320 1468 pauci.⁸

260 1493 370 1570 Quem
393 1497 518 1563 librum
542 1498 636 1586 quod
661 1496 903 1580 Quintilianus,
932 1498 983 1564 vir
1007 1497 1199 1585 elegantiae
1220 1500 1321 1564 intel·

257 1610 380 1698 legens
409 1613 636 1696 existimator,
670 1633 771 1699 saepe
808 1613 927 1680 laudat
958 1620 993 1679 ct
1021 1615 1056 1678 in
1090 1636 1189 1680 suum
1220 1637 1322 1681 usum

258 1728 404 1810 confert,
426 1729 520 1796 haud
537 1731 697 1817 exiguam
709 1729 858 1796 Caecilio
874 1730 978 1796 fidem
992 1731 1156 1797 habuisse
1174 1731 1325 1796 videtur.

349 1842 491 1929 Saepius
521 1851 634 1910 tamen
665 1845 845 1910 aTiberio
873 1844 1013 1912 rhetore
1040 1847 1106 1911 loci
1138 1845 1320 1912 Caeciliani

259 1959 451 2024 afferuntur
477 1961 512 2025 in
541 1960 630 2026 libro
661 1958 729 2045 περὶ
750 1963 810 2025 τῶν
832 1957 917 2045 παρὰ
939 1964 1129 2047 Δημοσὶνέντι
1151 1959 1320 2048 σχημάτων

258 2073 318 2158 (W
320 2074 382 2140 ala.
400 2074 489 2139 rhet.
502 2071 619 2157 VIII).
664 2074 717 2140 De
741 2075 839 2140 cuius
864 2075 1011 2140 auctoris
1036 2082 1146 2140 aetate
1170 2082 1247 2141 utut
1268 2076 1321 2139 iu·
1450 2067 1457 2076 ’

258 2188 393 2254 dicetur
425 2226 467 2236 -
496 2196 574 2274 post
601 2187 765 2274 Apsinem
795 2188 1008 2272 Gadareum,
1036 2189 1152 2276 itaque
1180 2191 1319 2256 sacculo

259 2305 332 2369 fere
360 2303 460 2368 tertio
493 2310 643 2368 excunte
672 2304 728 2369 vel
756 2310 878 2391 quarto
910 2303 1085 2390 scripsisse
1113 2303 1249 2369 videtur
1277 2341 1319 2352 --

258 2439 336 2485 eum
361 2421 473 2486 omnia
498 2439 542 2485 ex
567 2419 641 2485 aliis
667 2418 873 2502 describere,
903 2419 945 2485 de
970 2440 1031 2485 suc
1055 2419 1142 2486 nihil
1164 2419 1237 2485 fers
1261 2419 1322 2484 ad-

258 2534 352 2618 dere,
377 2543 411 2601 et
435 2557 479 2602 ex
501 2542 574 2600 tota
597 2536 677 2601 libri
688 2536 820 2602 ratione
845 2542 879 2601 et
901 2535 981 2600 inde
1005 2541 1109 2621 patet,
1134 2536 1225 2625 qucd
1241 2557 1321 2622 per·

255 2651 363 2717 multa
387 2673 489 2738 saepe
514 2653 557 2720 ad
580 2653 725 2718 verbum
747 2674 825 2717 cum
841 2651 1032 2716 Alexandri
1048 2651 1209 2717 Numenii
1230 2652 1318 2718 libro

255 2764 324 2851 περὶ
355 2766 524 2854 σχημάτων
556 2768 684 2854 (Wclz.
715 2768 813 2850 ibid.)
853 2773 1048 2852 congruunt
1080 2767 1139 2852 (cf.
1173 2767 1320 2852 exempli

257 2903 361 2948 eausa
381 2885 489 2948 verba
509 2880 624 2968 κλῖμάξ
641 2882 745 2948 Alex.
759 2885 822 2947 467
847 2902 923 2947 cum
947 2881 1021 2947 Tib.
1040 2884 1120 2966 5573
1142 2879 1321 2967 περίφρασις

255 2995 359 3060 Alex.
383 2999 447 3060 468
471 3018 547 3062 cum
571 2997 648 3062 Tib.
672 2999 752 3083 5643
776 2991 970 3084 ἐπανάληψις
992 2996 1095 3062 Alex.
1113 2996 1178 3060 444
1203 3001 1237 3060 et
1253 2997 1320 3059 463

256 3133 334 3177 eum
348 3110 423 3176 Tib.
437 3112 534 3197 554);
558 3134 670 3202 nsque
693 3121 807 3180 tamen
832 3115 919 3179 alter
941 3134 986 3179 ex
1002 3093 1123 3196 altero,
1146 3111 1208 3178 sed
1228 3119 1324 3176 uter·-

256 3247 323 3314 que
355 3247 400 3290 ex
429 3226 549 3292 eodem
572 3229 667 3294 lente
697 3230 916 3316 descripsisse
944 3228 1086 3316 putandi
1115 3233 1213 3313 sunt;
1241 3248 1320 3292 nem

165 3321 169 3328 '
255 3347 288 3405 ss
311 3341 366 3406 nu
390 3348 425 3407 st
447 3342 507 3407 sue
531 3343 566 3407 n
590 3345 756 3412 emissus
771 3345 876 3410 rasus
893 3345 1024 3410 habens
1042 3343 1320 3438 quaesissent.

255 3455 423 3524 Auctores
447 3479 529 3525 vero
554 3467 693 3527 secutus
719 3480 794 3527 esse
816 3461 899 3525 mihi
922 3462 1059 3526 videtur
1082 3459 1240 3525 Tiberius
1265 3479 1319 3521 sc·

255 3571 307 3636 los
322 3572 506 3640 Caecilium
530 3580 564 3640 et
581 3574 758 3661 Apsincm,
783 3581 817 3640 et
838 3575 932 3640 hunc
957 3576 1094 3662 quidem
1116 3575 1318 3660 plerumque

253 3687 356 3752 tacite
370 3687 579 3772 describens,
596 3690 705 3772 illum,
721 3691 781 3756 ubi
798 3690 931 3772 adiecit,
947 3691 1144 3755 nominatim
1157 3689 1319 3771 afferens,

251 3802 288 3866 id
311 3802 405 3890 quod
428 3804 560 3869 conicio
587 3823 632 3868 ex
657 3804 763 3891 ipsius
787 3805 903 3871 verbis
924 3826 1003 3891 pag.
1024 3806 1104 3869 563:
1128 3799 1319 3887 πλεονασμὸς

252 3920 287 3983 δέ
308 3918 374 3983 ἐστι
397 3955 439 3966 -
468 3918 655 4004 σννωννμίαν
683 3915 825 4005 ὀνομάζει
853 3917 889 3985 τὸ
918 3922 1026 4007 οχημα
1048 3919 1212 3994 Καικίλιος
1241 3915 1318 3984 ὅταν

252 4034 312 4096 κτλ
335 4069 376 4080 -
400 4035 492 4098 τοῦτο
514 4031 707 4119 πλεονασμὸν
731 4031 872 4118 ὀνομάζει
890 4031 1034 4120 Ἀψάνης
1057 4034 1112 4100 hic
1131 4035 1316 4100 enimcum

252 4144 296 4210 ad
326 4146 470 4212 eandem
500 4167 572 4212 rem
607 4147 866 4234 significandum
895 4147 1065 4215 Caecilius
1100 4154 1135 4214 et
1165 4148 1314 4235 Apsinss

1101 4282 1119 4336 2
