3290 5006
613 383 620 388 ”
728 419 948 482 -52—

313 593 426 677 Isaeo,
460 599 533 659 tum
561 593 707 660 maxime
738 593 779 658 de
816 592 988 658 Dinarcho
1019 593 1144 657 iudicio
1179 593 1373 678 perspicere

117 697 119 700 ⁵
218 737 220 740 ·
313 710 404 775 licet.
450 708 576 783 Quidni
603 729 701 791 vero,
735 708 834 773 dicat·
855 703 994 792 aliquis,
1023 706 1241 794 Dionysium,
1273 729 1374 792 quem

311 847 381 891 una
408 845 484 890 cum
511 822 659 924 Caecilio
691 823 791 888 affert
820 828 939 888 auctor
964 822 1000 886 in
1023 821 1129 908 Lysia
1158 829 1191 889 et
1221 822 1373 890 Isocrate

312 940 368 1025 (fr.
393 943 423 1006 8.
450 940 521 1023 10),
552 959 668 1005 earum
697 960 811 1004 rerum
840 943 1013 1004 auctorem
1043 939 1168 1006 uocas?
1212 938 1373 1022 Primum,

313 1055 406 1140 quod
428 1054 490 1119 ille
513 1075 582 1119 non
607 1054 648 1120 de
672 1054 804 1120 cunctis
831 1053 949 1118 decem
967 1053 1159 1122 oratoribus
1176 1053 1384 1140 scripserat3'

313 1171 437 1237 deinde
463 1171 565 1256 quod,
588 1177 626 1236 ut
651 1177 730 1236 sunt
752 1171 854 1257 plura
877 1191 964 1257 quae
979 1169 1127 1236 Caecilio
1152 1171 1304 1254 faveant,
1326 1174 1374 1237 ita

313 1288 415 1352 etiam
438 1307 507 1351 non
531 1286 638 1370 nulla,
664 1306 751 1372 quae
775 1292 893 1352 contra
917 1287 1118 1372 Dionysium
1141 1294 1308 1373 pugnent,
1331 1287 1373 1352 de

313 1403 436 1489 quibus
470 1403 552 1468 alibi
584 1403 780 1488 singulatim
813 1403 1058 1489 disputavimus
1092 1402 1150 1487 (of.
1174 1425 1278 1490 supra
1301 1410 1372 1468 not.
1415 1478 1418 1483 ¹

312 1520 366 1582 20.
391 1521 448 1603 293
473 1519 624 1604 epimetr.
649 1517 711 1603 II).
765 1519 887 1604 Itaque
916 1519 976 1584 ubi
1000 1524 1145 1603 uterque
1168 1519 1374 1602 nominatur,
1471 1587 1473 1592 ,

313 1633 370 1720 qui
392 1634 477 1699 haec
502 1634 675 1720 excerpsit
699 1634 789 1721 apud
805 1633 991 1700 Caecilium
1006 1633 1208 1720 Dionysium
1232 1635 1373 1700 allatum

310 1750 486 1816 invenisse
511 1750 712 1816 statuendus
737 1754 799 1815 est.

668 2279 931 2362 npimetrum
956 2282 1012 2350 11.

448 2460 489 2524 lic
513 2456 644 2524 caecilio
667 2457 727 2524 loci
751 2457 804 2523 ut.
828 2457 852 2522 x
874 2473 935 2524 orr.
962 2458 1027 2525 836
1053 2460 1077 2526 d
1100 2459 1234 2526 auctore.

401 2667 496 2744 Quae
521 2689 562 2756 eo
586 2667 661 2733 loeo
688 2668 805 2752 (supra
822 2667 864 2730 fr.
882 2668 916 2751 8)
942 2675 1161 2754 exponuntur
1186 2671 1228 2736 de
1252 2671 1375 2758 Lysiae

313 2784 455 2869 scriptis,
492 2783 604 2849 omnia
640 2804 709 2847 non
732 2789 862 2848 temere
892 2783 1018 2849 collata
1041 2804 1116 2849 esre
1144 2785 1205 2850 sed
1233 2787 1377 2872 vestigia

313 2897 481 2984 quaedam
491 2897 580 2962 ferre
594 2897 755 2962 videntur
763 2897 896 2983 pristini
904 2897 1081 2963 cuiusdam
1089 2919 1203 2964 rerum
1212 2919 1375 2983 conexus,

313 3014 371 3099 qui
393 3013 504 3080 veloci
527 3013 735 3099 excerptoris
758 3035 862 3081 manu
885 3015 1068 3079 admodum
1089 3016 1290 3080 obscuratus
1310 3021 1375 3080 est.

311 3129 401 3194 Eum
425 3134 538 3195 autem
562 3149 731 3194 conexum
754 3130 846 3194 hunc
872 3150 946 3195 esse
964 3135 1085 3196 statuo.
1131 3130 1281 3195 Primum
1298 3152 1376 3196 auc·

311 3251 367 3312 tor
390 3252 572 3332 postquam
597 3248 788 3313 orationum
812 3248 1037 3333 genuinarum
1060 3268 1239 3313 numerum
1254 3248 1376 3333 posuit,

313 3353 429 3428 earum
453 3382 524 3426 non
548 3363 665 3428 nullas
693 3369 726 3429 et
750 3369 865 3429 cetera
881 3363 1006 3450 Lysiae
1023 3364 1147 3449 scripta
1164 3364 1261 3429 affert
1278 3363 1377 3428 simul

313 3478 355 3543 de
390 3497 517 3565 genere
555 3478 691 3544 dicendi
726 3480 892 3566 quaedam
928 3480 1108 3545 adnotans.
1155 3477 1227 3543 Iam
1263 3484 1376 3542 autem

313 3595 460 3659 duarum
483 3598 622 3658 tantum
646 3595 835 3659 orationum
858 3595 975 3660 titulos
999 3596 1190 3677 recensuit,
1221 3594 1376 3658 nimirum

206 3749 208 3752 -
313 3730 429 3775 earum
454 3731 538 3794 quas
562 3708 685 3795 Lysias
708 3709 780 3795 ipse
803 3710 967 3775 habuisse
991 3711 1184 3792 videbatur,
1208 3716 1246 3775 ut
1270 3709 1376 3793 Saup-

312 3827 387 3914 pius
413 3826 470 3891 Or.
490 3824 562 3891 Att.
583 3824 616 3890 V
638 3847 716 3912 pag.
737 3829 777 3891 81
803 3832 896 3892 reete
921 3827 1110 3912 suspicatus
1137 3832 1187 3891 est
1212 3824 1259 3910 (id
1285 3824 1376 3910 quod

314 3943 356 4008 de
390 3941 654 4008 Eratosthenica
690 3949 838 4027 certum,
876 3943 918 4008 de
945 3943 1008 4007 illa
1039 3948 1156 4008 contra
1187 3941 1376 4006 Archinum

312 4059 494 4124 verisimile
519 4057 675 4143 quidem3
700 4079 779 4124 nam
800 4059 906 4143 ipsius
930 4057 1054 4144 Lysiae
1079 4079 1120 4122 ea
1143 4078 1248 4122 eausa
1271 4055 1373 4139 erat);

312 4177 444 4239 ceteras
467 4192 548 4240 vero
580 4171 666 4257 (τοὺς
687 4171 830 4257 πολλοὺς)
856 4171 1035 4239 iudiciales
1067 4172 1256 4252 orationes,
1288 4191 1372 4255 quas
