3290 5006
728 366 948 428 ..18-

307 540 449 606 diversis
472 539 665 606 nominibus
690 544 804 606 essent
816 539 881 622 usi,
905 537 1064 618 Tiberius
1076 537 1217 625 Apsinis
1235 557 1371 621 nomen,

305 661 344 720 ut
368 675 468 740 quem
491 654 575 721 alias
599 653 698 743 sequi
727 655 869 737 soleret,
896 655 1030 720 taeite
1057 653 1172 739 posuit
1199 653 1236 719 in
1257 651 1367 734 initio,

306 767 429 834 deinde
464 769 565 835 etiam
598 767 740 851 aneili,
775 774 814 835 ut
841 790 943 857 quem
972 775 1110 854 praeter
1143 766 1366 834 eonsuetudi-

307 905 385 950 nem
407 884 472 949 hoo
499 883 575 950 loeo
604 889 817 972 sequeretur.
864 884 1028 950 Similiter
1051 885 1132 952 inde
1157 908 1178 952 e
1203 907 1282 971 pag.
1306 887 1369 950 571

306 998 493 1064 aneilium
517 1019 591 1064 eam
614 999 658 1064 ob
683 1020 821 1065 eausam
845 1019 978 1086 semper
1008 1001 1108 1067 affert
1137 1005 1172 1066 et
1193 1021 1305 1089 usque
1328 999 1373 1065 ad

305 1113 409 1178 finem
433 1113 605 1195 describit,
629 1113 721 1199 quod
745 1115 776 1178 ei
800 1114 865 1179 loei
889 1135 1006 1180 omnes
1031 1115 1072 1180 ab
1096 1112 1227 1201 Apsine
1245 1115 1373 1180 fuerint

307 1228 436 1294 omissi:
464 1225 520 1314 τὴν
548 1225 581 1292 δὲ
608 1225 793 1295 διατύπωσιν
815 1231 952 1315 παρῆκεν
972 1218 1119 1316 Ἀψίνης,
1150 1227 1315 1304 Καικίλιος
1339 1228 1373 1296 δὲ

308 1340 433 1429 Ques,
450 1381 491 1390 -
508 1341 544 1408 τὸ
562 1341 595 1408 δὲ
611 1345 773 1428 διασυρμοῦ
791 1346 899 1429 σχῆμα
913 1347 1051 1431 παρῆκεν
1074 1341 1167 1430 'Atta
1189 1343 1316 1411 Καικίλ.
1340 1343 1374 1412 δὲ

306 1455 384 1524 αὐτὸ
408 1457 547 1542 suebum.
1451 1478 1452 1482 ¹

395 1571 449 1638 De
467 1571 669 1638 Alexandro
687 1571 822 1655 deinde,
847 1573 875 1638 si
899 1594 1043 1660 eaquae
1064 1595 1169 1659 supra
1185 1574 1267 1658 dixi,
1291 1593 1370 1640 eon·

306 1687 523 1771 sideraveris,
545 1687 635 1753 idem
657 1687 730 1752 fere
755 1688 975 1754 statuendum
998 1688 1062 1753 tibi
1088 1689 1165 1772 erit,
1193 1709 1314 1774 nempe
1339 1695 1373 1756 et

306 1803 428 1888 ipsum,
459 1809 498 1868 ut
520 1803 693 1889 plerisque
715 1803 968 1870 recentioribus
992 1803 1181 1890 figurarum
1203 1804 1374 1891 scriptori-

304 1917 373 1986 bus
396 1939 469 1984 mos
486 1925 549 2001 est,
571 1924 707 1984 veteres
725 1925 883 1984 auetores
897 1919 1115 2005 describere,
1140 1939 1284 2007 quorum
1297 1941 1374 1985 eum

308 2033 419 2098 solum
440 2032 626 2098 aneilium
647 2034 845 2098 nominatim
869 2034 1000 2116 afferat,
1025 2054 1103 2098 eum
1128 2055 1265 2122 quoque
1288 2055 1372 2099 non·

306 2148 405 2214 nulla
428 2170 473 2214 ex
493 2149 554 2214 illo
579 2169 735 2214 servasse
758 2149 938 2234 probabile
962 2156 1029 2234 est,
1054 2149 1090 2215 id
1116 2169 1198 2215 vero
1224 2149 1272 2214 eis
1296 2156 1371 2216 tan-

305 2268 381 2327 tum
411 2263 494 2328 loeis
528 2284 589 2348 pro
621 2270 714 2328 eerto
745 2263 915 2330 affirmare
951 2265 1159 2349 poterimus,
1195 2265 1255 2330 ubi
1298 2265 1371 2329 eius

308 2378 413 2443 verba
436 2398 514 2444 eum
537 2377 737 2443 aneilianis
761 2385 820 2442 aut
843 2377 1089 2452 aQuintiliano
1119 2385 1179 2444 aut
1202 2378 1373 2444 aTiberio

307 2493 442 2560 traditis
466 2497 672 2578 congruunt.

397 2607 470 2672 Iam
494 2607 536 2672 de
560 2607 719 2692 singulis,
748 2625 836 2694 quae
859 2607 895 2669 in
919 2606 1120 2691 fragmentis
1144 2607 1238 2673 infra
1260 2608 1373 2693 posui-

305 2745 399 2805 mus,
426 2722 512 2787 nihil
534 2723 741 2787 monendum
765 2728 816 2786 est
839 2723 918 2805 nisi,
946 2721 983 2788 id
1007 2722 1106 2810 quod
1133 2723 1246 2788 statim
1267 2723 1373 2808 primo

308 2837 473 2922 adspectu
483 2843 589 2923 patet,
613 2837 809 2920 Caecilium,
829 2858 907 2903 eum
923 2857 1033 2923 paene
1052 2838 1231 2902 molestam
1250 2837 1373 2923 figura·

284 2965 384 3017 'rum
405 2951 657 3018 multitudinem
680 2954 925 3037 congessisset,
953 2953 1092 3018 minima
1121 2974 1279 3041 quaeque
1308 2954 1374 3018 dis-

312 3069 451 3134 crimina
480 3070 624 3154 propriis
657 3067 850 3134 nominibus
882 3073 1041 3153 notasse;
1078 3066 1140 3132 sed
1169 3089 1213 3133 ne
1241 3069 1377 3134 nomina

310 3183 449 3269 quidem
472 3191 549 3268 apte
571 3183 714 3250 inventa
738 3204 813 3249 esse
838 3189 871 3248 et
895 3181 1130 3257 Quintilianus
1159 3184 1202 3249 ad
1230 3188 1375 3250 πλεονασ-

311 3295 368 3382 μὸν
392 3298 448 3383 (fr.
473 3298 529 3380 39)
553 3297 686 3362 monuit
709 3302 744 3363 et
765 3298 800 3362 in
824 3297 891 3364 alia
913 3317 1063 3386 quoque,
1089 3299 1176 3364 siout
1204 3294 1377 3383 μεταβολὴν

312 3412 368 3496 (fr.
392 3413 461 3497 35),
484 3414 658 3479 eonvenit.

401 3525 468 3593 Sed
495 3528 539 3594 ad
567 3527 694 3593 maiora
718 3526 919 3592 festinemus
942 3527 978 3593 id
1002 3527 1218 3612 potissimum
1239 3527 1377 3591 intuen-

310 3647 379 3724 tes,
414 3642 496 3731 quid
518 3644 553 3708 in
576 3643 776 3710 universum
804 3641 848 3707 de
879 3640 999 3726 figuris
1022 3641 1227 3707 iudicaverit
1249 3640 1377 3708 rhetor.

310 3753 384 3820 Iam
407 3776 485 3822 eum
507 3756 783 3823 Phoebammone
805 3762 894 3822 teste
912 3759 1020 3843 σχῆμα
1042 3775 1118 3821 esse
1141 3755 1289 3821 voluerit
1311 3778 1377 3840 τρο-

310 3867 372 3957 πὴν
395 3871 439 3946 εἰς
459 3869 495 3938 τὸ
512 3869 557 3958 μὴ
580 3868 769 3957 κατὰφύσιν
792 3870 847 3955 (fr.
862 3871 932 3954 41),
957 3871 984 3936 si
1001 3891 1078 3935 eum
1093 3869 1150 3936 his
1170 3868 1378 3936 conferimus

313 4005 401 4072 quae
425 4007 528 4073 supra
550 3986 593 4054 de
616 3986 835 4072 Antiphontis
858 3985 977 4073 figuris
1004 3986 1220 4052 disseruerat
1249 3985 1305 4070 (fr.
1331 3986 1378 4068 5),

312 4102 425 4168 statim
452 4102 630 4190 utriusque
664 4101 733 4168 looi
762 4100 939 4189 apparebit
973 4101 1182 4186 similitudo;
1213 4099 1261 4166 ibi
1290 4099 1381 4166 enim
