3290 5006
682 422 901 486 ...43.„

260 595 409 682 notione,
431 597 543 664 vitium
567 604 633 680 esl3
656 617 731 662 cum
742 604 840 682 auget
852 605 908 663 aut
919 600 1108 666 manifestat
1119 601 1327 688 sententiam,

263 711 346 777 sicut
368 711 430 794 hic,
454 712 566 778 virtus.
613 709 731 796 ‚,vidi“
755 710 870 798 ‚,ipse“
893 720 992 797 „ante
1020 711 1163 799 cculos“,
1193 714 1326 781 tetidem

263 834 338 893 sunt
361 828 505 894 affectus.
530 828 724 894 Certamen
747 828 829 895 haec
848 829 976 914 proprie
988 831 1115 896 nominc
1127 829 1185 894 lali
1196 831 1327 916 notarit,
1435 879 1438 885 .

263 962 328 1008 non
350 941 455 1010 video.
501 943 587 1008 Nam
612 951 645 1009 et
667 944 843 1028 geminatio
866 951 898 1010 et
921 944 1069 1029 repetitio
1092 952 1124 1009 et
1147 945 1328 1027 qualiscun-

264 1078 326 1141 que
349 1057 488 1124 adiectio
511 1050 698 1142 πλεονασμὸς
719 1057 822 1125 videri
845 1064 962 1143 potest.

353 1199 408 1265 ur.
431 1201 476 1264 40
498 1197 606 1276 Quint.
629 1198 688 1283 IX,
713 1200 744 1281 3,
769 1199 811 1264 97
840 1197 938 1263 adicit
967 1199 1017 1264 his
1046 1199 1206 1265 Caecilius
1234 1197 1328 1284 περί-

259 1309 402 1396 φράσιν
425 1311 465 1378 de
490 1332 555 1395 qua
578 1311 644 1376 dixi
670 1310 726 1398 (el.
749 1313 837 1396 VIII,
855 1313 887 1397 6,
904 1313 948 1377 59
972 1313 1025 1378 ubi
1049 1312 1233 1379 iladelinit:
1257 1315 1325 1400 plu-

263 1426 353 1491 ribus
378 1427 487 1493 verbis
511 1426 638 1492 numid
662 1427 746 1508 quod
771 1447 834 1492 unc
858 1434 915 1493 aut
937 1428 1142 1512 paucioribus
1165 1436 1253 1494 certe
1265 1427 1328 1493 dici

265 1548 382 1627 potest,
407 1542 601 1627 eprIeatur.

564 1800 622 1864 ΙΙΙ.
646 1798 751 1877 Quid
775 1801 832 1864 sit
855 1799 1027 1864 schema.

354 1972 405 2035 Fr.
436 1968 478 2032 41
504 1968 709 2035 Phoebamm.
734 1989 765 2032 π.
788 1988 881 2052 οχημ.
904 1968 1007 2034 Waln.
1027 1968 1116 2051 VIII,
1130 1968 1328 2052 494Speng.

264 2083 323 2167 III,
347 2084 407 2148 44:
431 2074 562 2166 ὁρίζεται
583 2081 617 2148 δὲ
640 2079 756 2159 Ζώῐλος
779 2077 883 2159 οὕτως
911 2079 1018 2168 σχῆμά
1040 2083 1119 2149 ἐστιν
1148 2082 1249 2167 ἕτερον
1275 2080 1332 2166 μὲν

265 2199 502 2282 προσποιεῖοίιαι,
533 2195 633 2281 ἕτερον
655 2195 688 2262 δὲ
709 2198 813 2280 λέγειν.
836 2196 908 2282 τρία
930 2197 976 2283 (l)
1002 2190 1180 2281 ἁμαρτάνει,
1208 2191 1269 2262 ὅτι
1289 2193 1331 2262 οὐ

266 2309 542 2396 περιλαμβάνει
564 2308 651 2397 περὶ
673 2308 831 2377 πάντων
854 2308 927 2376 τῶν
950 2307 1166 2396 σχημάτων.
1200 2306 1243 2375 τοὶ
1272 2305 1331 2396 γὰρ

267 2429 394 2491 πλεῖστα
415 2426 451 2491 ἐκ
472 2423 526 2491 τοῦ
549 2423 655 2503 εὐῖιέος
676 2420 851 2492 καὶ-ἁπλοῦ
873 2425 1098 2511 οχηματίζεται
1119 2417 1161 2501 ὦς
1182 2419 1234 2490 ὅτε
1257 2422 1332 2491 ἀπο-

267 2538 442 2625 mannus
463 2563 494 2605 τι
516 2536 539 2625 ἢ
566 2539 765 2626 διαποροῦμεν
794 2565 826 2606 τι
854 2537 926 2608 aa&
958 2536 1083 2616 ἑαυτοὺς
1108 2536 1130 2625 ἦ
1151 2537 1331 2626 ἀποστροφῇ

266 2653 416 2739 χρώμεῗια
449 2648 520 2720 ἄνευ
554 2653 785 2741 προσποιήσεως.
820 2654 978 2733 Καικίλιος
1011 2655 1044 2722 δὲ
1077 2649 1092 2722 ὁ
1131 2653 1334 2739 Καλακτίτης

268 2769 376 2855 (codd.
400 2768 598 2854 καλαιδίπης)
623 2755 753 2855 ὡρίσατο
777 2763 867 2835 οὕτω·
890 2766 1017 2855 σχῆμά
1040 2770 1121 2835 ἐστι
1141 2764 1259 2855 τροπὴ
1281 2768 1335 2846 εἰς

267 2879 309 2949 τὸ
326 2877 375 2969 μὴ
398 2876 505 2948 κατὰ
528 2881 639 2970 φύσιν
663 2879 705 2949 τὸ
738 2881 810 2968 τῆς
839 2882 1015 2960 διανοίας
1041 2880 1105 2948 καὶ
1133 2882 1273 2963 λέξεως.
1296 2877 1332 2948 τὸ

268 2987 318 3064 οὖν
341 2992 385 3083 μὴ
407 2993 493 3064 κατὰ
515 2995 601 3083 φύσιν
624 2995 657 3063 οὔ
691 2992 798 3079 καλὸν,
832 2993 868 3064 τὸ
890 2998 924 3064 δὲ
946 2993 989 3084 μὴ
1012 2992 1105 3064 καλὸν
1134 2995 1232 3084 τροπή
1254 2998 1336 3064 ἐστιν

267 3109 317 3178 ἐπὶ
339 3106 375 3177 τὸ
397 3120 503 3198 χεῖρον.

356 3260 409 3322 Fr.
432 3258 486 3323 42.
510 3255 618 3334 Quint.
642 3258 700 3340 IX,
733 3261 761 3339 1,
795 3257 837 3321 10
867 3277 916 3339 sq.
951 3276 1050 3339 quare
1080 3256 1135 3322 illc
1165 3256 1332 3322 intellectu

268 3374 372 3458 priore
396 3380 428 3437 et
451 3373 612 3437 communi
635 3371 716 3437 nihil
740 3391 803 3438 non
829 3372 1000 3454 figuratum
1023 3378 1084 3437 est.
1114 3369 1184 3447 Quo
1208 3371 1236 3436 si
1259 3389 1332 3435 con·

269 3487 350 3553 tenti
374 3506 495 3569 sumus,
518 3507 582 3554 non
606 3487 765 3553 immerito
785 3486 1012 3572 Apollodorus,
1036 3487 1065 3553 si
1088 3484 1229 3552 tradenti
1254 3485 1334 3550 an-

269 3600 343 3667 cilio
366 3600 538 3684 credimus,
560 3600 904 3686 incomprehensibilia
926 3603 1028 3686 partis
1051 3601 1146 3667 huius
1159 3605 1334 3684 praecepta

269 3714 473 3782 existimarit.
520 3715 584 3780 Sed
609 3716 638 3780 si
662 3715 792 3782 habitus
817 3715 949 3799 quidam
974 3724 1006 3783 et
1029 3717 1123 3799 quasi
1147 3722 1260 3799 gestus
1284 3715 1332 3780 sic

269 3828 458 3916 appellandi
483 3836 573 3894 sunt:
598 3827 632 3893 id
654 3830 781 3896 demum
805 3831 866 3898 hcc
887 3831 959 3898 loco
977 3833 1082 3917 accipi
1099 3832 1231 3897 schema
1246 3850 1333 3914 epor-

269 3946 361 4030 tebit,
385 3945 490 4028 quod
513 3946 569 4010 sit
592 3967 613 4010 a
645 3945 821 4031 simplici
852 3952 973 4027 atque
1000 3947 1242 4031 inpromptu
1272 3964 1334 4029 pe·

271 4061 355 4127 cito
379 4060 552 4126 dicendi
587 4060 696 4127 modo
725 4060 893 4144 poetice
920 4061 987 4126 vel
1017 4060 1192 4126 oratorie
1216 4066 1335 4124 muta-

270 4183 361 4240 tum·
392 4175 446 4242 Sic
468 4175 554 4242 enim
579 4194 689 4240 verum
712 4175 784 4260 erit,
807 4174 906 4240 ulium
929 4195 1004 4241 esse
1027 4173 1207 4241 oraticnem
1238 4168 1333 4256 ἀσχη-
