3290 5006
741 415 959 477 ...24-

411 587 568 672 Denique
590 589 627 652 in
650 587 829 654 Strabonis
853 590 966 662 verbis
990 589 1023 654 V
1044 611 1077 677 p.
1101 592 1144 655 20
1176 597 1270 657 recte
1294 591 1384 656 Mul·

312 704 424 787 lesus,
447 703 644 770 Oramerum
667 711 820 787 secutus,
852 705 978 772 Oeeoili
1001 707 1077 772 loco
1101 708 1267 772 restituit:
1292 707 1384 773 Koi-

320 823 400 896 λιος
423 817 438 886 b
461 821 521 886 tiro
537 815 704 905 ‘Peperisse
727 819 925 907 συγγραφεύς.

411 1157 519 1243 Atqui
556 1158 740 1222 etiamnum
778 1157 962 1240 supersunt
1002 1153 1190 1238 quaedam,
1226 1174 1312 1239 quae
1354 1153 1384 1218 si

318 1275 459 1341 uberius
483 1273 581 1338 nobis
606 1276 797 1353 exstarent,
826 1264 894 1333 nbn
916 1268 1090 1333 minimum
1123 1267 1288 1333 adderent
1311 1289 1380 1332 mo·

318 1396 470 1458 mentum
493 1387 536 1453 ad
558 1387 686 1454 Oacoili
709 1393 743 1452 et
764 1388 941 1472 ingenium
969 1389 1002 1449 ct
1031 1403 1143 1448 mores
1171 1389 1264 1449 recte
1293 1383 1381 1448 iudi-

318 1507 439 1574 canda.
492 1503 694 1592 Dionysium
730 1503 820 1568 enim
849 1523 926 1566 cum
962 1503 1093 1570 constet
1133 1497 1285 1583 linguam
1313 1499 1381 1563 Ro·

318 1643 453 1688 manam
488 1620 645 1686 didicisse
683 1623 717 1683 et
751 1617 924 1682 notissima
960 1635 1117 1702 quaeque
1152 1611 1383 1681 Romanorum

320 1737 444 1824 scripta
460 1735 659 1822 cognovisse
672 1733 791 1820 Antiq.
805 1733 901 1797 Rom.
917 1731 995 1816 1‚t;
1013 1730 1055 1796 de
1073 1730 1177 1814 antiq.
1195 1734 1336 1794 oratorr.
1349 1730 1382 1811 3,

318 1859 433 1918 tamen
455 1858 593 1937 praeter
615 1850 710 1915 locos
734 1854 1010 1916 commemoratos
1035 1847 1161 1911 nullibi
1193 1846 1236 1912 ad
1265 1866 1306 1910 ea
1328 1865 1381 1908 re·

319 1969 448 2053 spicere
464 1967 610 2033 videtur.
643 1967 766 2032 Mirum
781 1966 885 2050 igitur
901 1963 992 2052 quod
1006 1962 1192 2028 Caecilium
1209 1961 1382 2047 proprium

316 2081 443 2145 librum
467 2081 641 2167 scripsisse
669 2081 824 2144 videmus
853 2099 896 2144 ex
920 2078 1026 2144 Suida
1054 2084 1087 2142 et
1111 2077 1316 2158 Plutarcho,
1345 2077 1381 2140 in

317 2217 385 2283 quo
409 2196 615 2262 'Ciceronem
646 2217 722 2261 cum
746 2194 983 2260 Demosthene
1013 2194 1237 2280 comparavit3
1268 2214 1380 2279 neque

316 2311 364 2376 ita
381 2310 517 2395 quidem
536 2315 574 2374 ut
596 2329 707 2374 mores
731 2310 803 2376 sive
826 2311 918 2376 vitae
944 2310 1115 2395 quandam
1138 2309 1380 2392 condicionem,

317 2424 378 2489 sed
399 2425 475 2511 ipsa
497 2445 627 2510 genera
649 2424 785 2490 dicendi
808 2425 986 2509 utriusque
1018 2426 1107 2492 inter
1132 2445 1168 2489 se
1192 2425 1379 2509 conferret;

316 2538 409 2626 quod
432 2539 552 2626 stipsi
575 2538 760 2604 Plutarcho
785 2539 870 2604 adeo
893 2541 1015 2604 mirum
1042 2540 1197 2622 videtur,
1233 2547 1271 2605 ut
1301 2539 1378 2604 rhe-

312 2660 423 2720 torem
449 2655 571 2720 nimiae
599 2657 817 2740 arrogantiae
846 2661 983 2722 accuset
1007 2655 1067 2740 (fr.
1092 2656 1161 2739 52).
1184 2656 1186 2658 ’
1208 2653 1313 2720 Cuius
1338 2655 1379 2720 li·

314 2771 410 2853 belli,
435 2770 527 2856 quod
541 2791 585 2836 ne
601 2771 792 2856 fragmenta
815 2770 954 2857 quidem
967 2771 1176 2855 investigare
1192 2771 1298 2856 potui,
1322 2770 1378 2836 vel

312 2887 460 2951 maxime
477 2885 588 2951 doleo.
628 2885 695 2950 Sed
706 2885 914 2952 Plutarchus
930 2885 966 2949 in
984 2885 1235 2970 comparatione
1251 2885 1377 2950 utrius·

311 3021 381 3090 que
403 3002 549 3067 rhetoris
572 3023 650 3067 cum
673 3001 808 3066 dicendi
832 3023 951 3067 eorum
970 3003 1039 3066 vim
1063 3007 1097 3066 et
1114 3001 1290 3066 scientiam
1305 3022 1375 3066 non

313 3118 475 3204 attingat,
505 3119 606 3182 etiam
629 3115 813 3182 Caeciliani
849 3118 935 3182 nihil
967 3137 1121 3182 servasse
1154 3116 1307 3200 videtum
1345 3121 1379 3180 et

186 3238 188 3242 ’
315 3253 403 3319 quae
434 3232 526 3318 apud
557 3230 873 3316 Pseudolonginum
900 3253 931 3297 π.
958 3228 1054 3315 ὕψους
1085 3251 1157 3316 cap.
1180 3232 1229 3302 Ι12
1260 3231 1289 3312 ξ.
1313 3233 1378 3294 41

313 3347 490 3412 nonnullis
507 3347 752 3432 interpretibus
770 3345 916 3412 Caecilio
934 3346 1104 3411 vindicata
1122 3352 1214 3425 sunt,
1238 3345 1280 3409 ab
1302 3345 1376 3429 ipso

313 3467 454 3526 auctore
477 3461 632 3547 profecta
654 3469 754 3549 puto;
785 3464 1050 3530 Demosthenem
1081 3463 1171 3527 euim
1202 3483 1279 3528 cum
1309 3463 1376 3529 ful·

307 3576 403 3652 ,mine
431 3577 543 3642 subito
576 3578 748 3644 incidente
780 3586 883 3664 atque
915 3578 1026 3644 omnia
1061 3583 1263 3663 quassante,
1298 3597 1375 3643 cum

310 3689 380 3776 igni
413 3691 482 3758 late
506 3697 539 3757 et
569 3693 729 3758 continuo
763 3695 931 3778 flagrante
955 3692 1155 3760 Ciceronem
1189 3700 1373 3779 comparat.

311 3805 359 3871 At
382 3807 469 3872 tales
498 3807 718 3891 metaphorae
750 3807 921 3873 aancili
943 3809 1080 3894 ingenio
1106 3809 1240 3875 alienae
1266 3809 1373 3875 luisse

311 3921 485 4003 videntur,
507 3941 619 4007 neque
642 3920 954 4010 Pseudolonginus,
979 3927 1007 3990 si
1030 3924 1073 3990 ad
1098 3924 1288 3992 adversarii
1312 3925 1374 3990 oli·

310 4036 407 4122 quod
434 4035 595 4100 iudicium
629 4038 853 4122 respexisset,
887 4039 979 4104 illius
1012 4060 1137 4106 nomen
1170 4039 1375 4105 reticuisset.

312 4148 355 4214 ld
381 4157 494 4216 tamen
522 4172 566 4216 ex
596 4151 774 4217 Plutarchi
804 4154 918 4218 verbis
953 4155 1115 4239 colligas,
1150 4153 1375 4219 Demostheni

309 4267 417 4353 magio
441 4264 613 4354 δεινότητα,
637 4267 794 4333 Oieeroni
816 4265 957 4355 biit-qm
980 4267 1169 4335 Caecilium
1199 4268 1376 4334 tribuisse.
