3290 5006
697 396 915 458 -49-

269 571 461 636 recentiore
490 570 580 653 (nam
608 568 699 633 hunc
728 587 830 655 saepe
862 569 969 636 verbo
1006 576 1108 637 tenus
1139 571 1330 660 descripsit)

271 688 477 770 confectam,
500 692 616 751 cetera
645 685 786 751 diversis
809 685 1021 772 temporibus
1046 708 1066 752 a
1096 679 1237 754 div'ersis
1261 708 1331 752 ma-

270 805 372 870 nibus
394 801 492 867 modo
515 801 561 866 'ad
577 801 764 886 marginem
786 800 957 889 adscripta
972 803 1072 867 modo
1090 803 1181 869 inira
1199 805 1332 870 adiecta

271 937 344 984 esse
378 916 603 1003 probabiliter
633 917 839 1002 suspicatum
875 917 967 983 unde
1005 917 1146 984 lacunas
1184 919 1265 985 dicit
1297 926 1330 984 61

269 1025 479 1118 corruptelas
503 1031 718 1116 gravissimas
743 1031 877 1117 saepius
908 1037 999 1097 ortas
1030 1053 1120 1116 esse,
1153 1033 1214 1098 sed
1245 1034 1330 1100 nihil

268 1145 493 1211 animadverti
515 1145 770 1211 manusvomnia
787 1147 1003 1212 retractantis
1029 1152 1064 1212 et
1083 1147 1196 1213 denuo
1215 1149 1329 1215 elabo-

240 1261 389 1346 rantis,
422 1260 558 1346 singula
589 1261 677 1326 enim
709 1265 768 1325 aut
799 1261 945 1348 abrupta
972 1269 1032 1328 aut
1062 1284 1132 1330 nna
1162 1265 1331 1349 particula

261 1371 302 1440 ’δὲ
333 1376 414 1442 16111
447 1376 539 1440 nude
570 1395 645 1440 esse
674 1396 815 1442 conexa.
850 1414 891 1424 —
920 1375 994 1442 Iam
1022 1377 1065 1442 de
1089 1378 1252 1466 scriptore
1276 1384 1328 1445 ut·

268 1511 405 1576 cunque
426 1491 627 1574 iudicamus,
649 1490 737 1556 illud
762 1491 872 1557 solum
890 1492 933 1558 ad
949 1499 1104 1558 nostrum
1121 1495 1330 1581 propositum

267 1605 429 1692 pertinet:
454 1610 489 1670 61
511 1605 595 1671 duas
615 1625 691 1670 esse
709 1611 825 1692 partes
848 1607 1013 1693 cuiusque
1030 1608 1132 1692 vitae,
1157 1616 1191 1674 et
1207 1631 1329 1676 secun·

269 1721 345 1786 dam
356 1726 500 1807 partem,
516 1742 600 1806 quas
614 1720 756 1786 dicimus
769 1723 993 1805 accessiones,
1011 1744 1055 1788 ex
1067 1723 1142 1789 aliis
1159 1725 1327 1811 scriptori·

267 1834 332 1902 bus
364 1857 439 1902 esse
467 1843 673 1922 congestam.
730 1835 895 1901 Nostrum
929 1837 1034 1924 igitur
1071 1839 1149 1904 erit:
1185 1840 1329 1926 primum

269 1953 392 2037 quibus
415 1953 531 2019 verbis
558 1952 755 2039 priorpars
788 1952 947 2018 concludi
978 1959 1012 2018 et
1042 1955 1253 2020 accessiones
1276 1956 1327 2020 in-

268 2067 381 2152 cipere
404 2067 585 2132 videantur
608 2066 767 2149 definire,
797 2072 870 2132 tum
893 2067 954 2133 ubi
976 2067 1043 2150 hic,
1067 2068 1127 2134 ubi
1147 2068 1219 2135 illio
1244 2069 1328 2135 an-

268 2181 365 2246 eilius
397 2183 468 2248 sive
496 2183 692 2247 nominatim
724 2182 796 2248 sive
818 2181 921 2246 tacite
945 2187 1065 2248 auctor
1088 2182 1261 2250 adhibitus
1286 2185 1329 2250 sit

268 2315 445 2382 quaerere.

356 2410 456 2485 Quod
485 2411 591 2498 igitur
625 2410 720 2496 prius
755 2410 843 2476 illud
871 2410 1005 2495 attinet,
1044 2410 1326 2478 Westermannus

268 2526 421 2612 (Quaest.
437 2520 534 2590 Demss
547 2525 598 2592 IV
609 2547 686 2612 pag.
700 2527 756 2610 61)
779 2527 1011 2592 accessionum
1030 2527 1162 2594 initium
1181 2547 1256 2594 6116
1277 2528 1325 2604 di·

267 2641 325 2706 cit:
348 2642 384 2706 in
400 2641 615 2728 Antiphonte
629 2663 707 2728 pag.
726 2644 789 2706 833
807 2642 932 2706 Binda
952 2664 972 2706 a
988 2643 1102 2708 verbis
1118 2643 1262 2729 φέρονται
1278 2641 1325 2727 θὲς

265 2756 300 2819 in
311 2754 445 2821 Andoc.
462 2758 526 2821 835
540 2755 605 2822 Aa
620 2757 734 2822 verbis
752 2753 807 2821 καὶ
817 2753 961 2842 {inparem
978 2757 1013 2820 in
1029 2755 1110 2842 Lys.
1128 2759 1193 2822 836
1205 2757 1326 2822 Binda

266 2893 286 2936 a
309 2873 510 2957 Aapoc‘be'spc
529 2868 553 2935 δ’
580 2871 610 2936 ἐν
632 2873 676 2959 τῷ
697 2868 783 2936 κατὰ
805 2869 959 2956 Νεαίραςς
984 2869 1090 2935 Ι1661.
1103 2872 1167 2935 838
1184 2870 1216 2935 A
1239 2868 1326 2936 εὐπό-

266 3005 354 3070 ρησεν
383 2984 508 3071 [κανῶςς
537 2984 663 3051 Aesch.
688 2984 804 3050 84οΕ
834 2981 1001 3071 ἀπήγγειλε
1024 2983 1071 3070 ab
1101 2984 1184 3072 Lyo.
1208 2987 1272 3050 842
1295 2985 1324 3050 Ε

263 3097 299 3164 τὸ
331 3101 473 3184 μέγιστον
502 3099 587 3184 χίλια
618 3106 701 3185 eta,
732 3098 909 3164 Demosth.
932 3120 1010 3184 pag.
1034 3101 1096 3164 847
1121 3099 1150 3162 Β
1175 3095 1269 3186 ἡνίκα
1292 3098 1326 3164 δὲ

205 3298 207 3302 ¹
265 3214 433 3300 (lilinum,
455 3215 621 3301 Hyperid.
646 3217 710 3280 849
734 3214 765 3279 D
789 3214 909 3298 ἐγένετο
933 3212 1044 3279 δὲκαὶ
1066 3211 1141 3298 πρὸς
1167 3211 1209 3278 τὰ
1231 3211 1324 3299 ἀφρο-

264 3328 346 3395 δίσια
364 3327 553 3416 καταφερὴς.
587 3329 727 3394 Isaeum
744 3328 1022 3414 Dinarchumque
1036 3328 1187 3414 integros
1204 3328 1324 3414 prioris

262 3443 355 3510 illius
385 3467 506 3510 manus
538 3465 614 3510 esse
642 3451 771 3510 censet.
821 3443 884 3509 His
919 3450 1033 3509 autem
1059 3444 1144 3510 locis
1178 3443 1325 3510 confinia

265 3560 421 3647 designat
439 3563 491 3628 vir
504 3562 636 3646 doctus,
660 3561 752 3647 quod
770 3581 858 3647 quae
878 3566 979 3625 antea
996 3559 1161 3646 leguntur
1176 3560 1322 3646 plerum·

266 3694 331 3760 que
355 3696 423 3739 uno
451 3683 569 3742 tenore
596 3676 806 3762 procedunt;
837 3696 916 3741 narn
942 3674 1029 3740 nihil
1059 3673 1132 3740 fere
1161 3674 1228 3739 nisi
1253 3675 1323 3740 rita

231 3802 233 3804 ’
265 3797 519 3877 extemporum
543 3792 663 3858 ordine
686 3797 863 3875 narratur,
888 3790 1028 3857 adiectis
1053 3789 1257 3876 quibusdam
1280 3789 1323 3854 de

263 3907 428 3994 cognatis,
452 3907 628 3993 sepulcris,
649 3906 785 3991 statuis3
810 3925 898 3991 quae
914 3925 996 3972 vero
1013 3909 1132 3991 postea
1145 3904 1323 3991 leguntur,

262 4023 412 4106 turbata,
439 4043 500 4109 per
529 4028 681 4087 saturam
702 4021 809 4086 mixta
839 4026 934 4104 sunt,
962 4040 1064 4106 saepe
1093 4019 1221 4084 eisdem
1248 4019 1322 4084 1616

263 4139 377 4204 verbis
397 4139 561 4226 repetitis,
585 4159 672 4224 quae
687 4138 755 4203 iam
772 4137 1000 4224 supraposita
1017 4157 1076 4202 era
1099 4141 1124 4200 t.
1168 4136 1214 4201 nt
1236 4134 1322 4200 hacc

1146 4269 1166 4324 4
