<?xml version="1.0" encoding="UTF-8"?>
<!DOCTYPE html PUBLIC "-//W3C//DTD XHTML 1.0 Transitional//EN"
    "http://www.w3.org/TR/xhtml1/DTD/xhtml1-transitional.dtd">
<html xmlns="http://www.w3.org/1999/xhtml" xml:lang="en" lang="en">
 <head>
  <title>
</title>
<meta http-equiv="Content-Type" content="text/html;charset=utf-8" />
  <meta name='ocr-system' content='tesseract 3.04.00' />
  <meta name='ocr-capabilities' content='ocr_page ocr_carea ocr_par ocr_line ocrx_word'/>
</head>
<body>
  <div class='ocr_page' id='page_1' title='image "./caecilirhetoris01burcgoog_0016.png"; bbox 0 0 3290 5006; ppageno 0'>
   <div class='ocr_carea' id='block_1_1' title="bbox 700 442 897 504">
    <p class='ocr_par' dir='ltr' id='par_1_1' title="bbox 700 442 897 504">
     <span class='ocr_line' id='line_1_1' title="bbox 700 442 897 504; baseline -0.005 -15"><span class='ocrx_word' id='word_1_1' title='bbox 700 442 897 504; x_wconf 73' lang='lat'>..7-</span> 
     </span>
    </p>
   </div>
   <div class='ocr_carea' id='block_1_2' title="bbox 268 616 1373 3596">
    <p class='ocr_par' dir='ltr' id='par_1_2' title="bbox 268 616 1373 2785">
     <span class='ocr_line' id='line_1_2' title="bbox 269 616 1328 705; baseline -0.004 -17"><span class='ocrx_word' id='word_1_2' title='bbox 269 622 368 688; x_wconf 91' lang='lat' dir='ltr'>cilius</span> <span class='ocrx_word' id='word_1_3' title='bbox 392 618 537 704; x_wconf 76' lang='lat' dir='ltr'>scripsit,</span> <span class='ocrx_word' id='word_1_4' title='bbox 560 636 659 683; x_wconf 90' lang='lat' dir='ltr'>nemo</span> <span class='ocrx_word' id='word_1_5' title='bbox 683 616 878 704; x_wconf 83' lang='lat' dir='ltr'>diligentius</span> <span class='ocrx_word' id='word_1_6' title='bbox 901 623 934 682; x_wconf 93' lang='lat' dir='ltr'>et</span> <span class='ocrx_word' id='word_1_7' title='bbox 956 617 1046 682; x_wconf 92' lang='lat' dir='ltr'>omni</span> <span class='ocrx_word' id='word_1_8' title='bbox 1067 626 1228 705; x_wconf 85' lang='lat' dir='ltr'>exparte</span> <span class='ocrx_word' id='word_1_9' title='bbox 1251 619 1328 684; x_wconf 87' lang='lat' dir='ltr'>fun-</span> 
     </span>
     <span class='ocr_line' id='line_1_3' title="bbox 270 733 1331 820; baseline -0.003 -18"><span class='ocrx_word' id='word_1_10' title='bbox 270 744 347 803; x_wconf 90' lang='lat' dir='ltr'>ctus</span> <span class='ocrx_word' id='word_1_11' title='bbox 372 741 460 820; x_wconf 82' lang='lat' dir='ltr'>erat3</span> <span class='ocrx_word' id='word_1_12' title='bbox 483 755 562 800; x_wconf 93' lang='lat' dir='ltr'>nam</span> <span class='ocrx_word' id='word_1_13' title='bbox 585 733 769 820; x_wconf 86' lang='lat' dir='ltr'>Dionysius</span> <span class='ocrx_word' id='word_1_14' title='bbox 793 733 930 819; x_wconf 91' lang='lat' dir='ltr'>quidem</span> <span class='ocrx_word' id='word_1_15' title='bbox 954 735 1107 819; x_wconf 88' lang='lat' dir='ltr'>quamvis</span> <span class='ocrx_word' id='word_1_16' title='bbox 1130 735 1247 820; x_wconf 89' lang='lat' dir='ltr'>paucis</span> <span class='ocrx_word' id='word_1_17' title='bbox 1272 756 1331 800; x_wconf 91' lang='lat' dir='ltr'>an·</span> 
     </span>
     <span class='ocr_line' id='line_1_4' title="bbox 269 847 1329 937; baseline -0.001 -21"><span class='ocrx_word' id='word_1_18' title='bbox 269 852 320 916; x_wconf 90' lang='lat' dir='ltr'>nis</span> <span class='ocrx_word' id='word_1_19' title='bbox 338 856 554 918; x_wconf 74' lang='lat' dir='ltr'>antenorem</span> <span class='ocrx_word' id='word_1_20' title='bbox 565 850 601 914; x_wconf 86' lang='lat' dir='ltr'>in</span> <span class='ocrx_word' id='word_1_21' title='bbox 620 849 685 913; x_wconf 90' lang='lat' dir='ltr'>hoe</span> <span class='ocrx_word' id='word_1_22' title='bbox 704 847 901 934; x_wconf 89' lang='lat' dir='ltr'>disciplinae</span> <span class='ocrx_word' id='word_1_23' title='bbox 919 869 1036 934; x_wconf 88' lang='lat' dir='ltr'>campo</span> <span class='ocrx_word' id='word_1_24' title='bbox 1052 849 1141 914; x_wconf 85' lang='lat' dir='ltr'>viam</span> <span class='ocrx_word' id='word_1_25' title='bbox 1155 849 1329 937; x_wconf 85' lang='lat' dir='ltr'>ingressus</span> 
     </span>
     <span class='ocr_line' id='line_1_5' title="bbox 269 959 1329 1052; baseline -0.002 -20"><span class='ocrx_word' id='word_1_26' title='bbox 269 966 313 1032; x_wconf 90' lang='lat' dir='ltr'>de</span> <span class='ocrx_word' id='word_1_27' title='bbox 332 966 448 1052; x_wconf 85' lang='lat' dir='ltr'>Lysia,</span> <span class='ocrx_word' id='word_1_28' title='bbox 470 963 634 1048; x_wconf 88' lang='lat' dir='ltr'>Isocrate,</span> <span class='ocrx_word' id='word_1_29' title='bbox 656 964 766 1047; x_wconf 85' lang='lat' dir='ltr'>Isaeo,</span> <span class='ocrx_word' id='word_1_30' title='bbox 783 963 1026 1046; x_wconf 79' lang='lat' dir='ltr'>Demosthene,</span> <span class='ocrx_word' id='word_1_31' title='bbox 1050 959 1234 1048; x_wconf 81' lang='lat' dir='ltr'>Aeschine,</span> <span class='ocrx_word' id='word_1_32' title='bbox 1257 966 1329 1052; x_wconf 92' lang='lat' dir='ltr'>Hy-</span> 
     </span>
     <span class='ocr_line' id='line_1_6' title="bbox 268 1080 1330 1170; baseline -0.002 -22"><span class='ocrx_word' id='word_1_33' title='bbox 268 1082 397 1170; x_wconf 86' lang='lat' dir='ltr'>peride,</span> <span class='ocrx_word' id='word_1_34' title='bbox 430 1080 603 1146; x_wconf 88' lang='lat' dir='ltr'>Dinaroho</span> <span class='ocrx_word' id='word_1_35' title='bbox 628 1081 885 1146; x_wconf 76' lang='lat' dir='ltr'>commentarios</span> <span class='ocrx_word' id='word_1_36' title='bbox 915 1080 1090 1163; x_wconf 86' lang='lat' dir='ltr'>edidisset,</span> <span class='ocrx_word' id='word_1_37' title='bbox 1120 1088 1234 1146; x_wconf 88' lang='lat' dir='ltr'>tamen</span> <span class='ocrx_word' id='word_1_38' title='bbox 1257 1082 1330 1148; x_wconf 90' lang='lat' dir='ltr'>eius</span> 
     </span>
     <span class='ocr_line' id='line_1_7' title="bbox 268 1195 1330 1262; baseline -0.001 0"><span class='ocrx_word' id='word_1_39' title='bbox 268 1196 416 1262; x_wconf 90' lang='lat' dir='ltr'>rhetoris</span> <span class='ocrx_word' id='word_1_40' title='bbox 438 1195 563 1261; x_wconf 85' lang='lat' dir='ltr'>iudicia</span> <span class='ocrx_word' id='word_1_41' title='bbox 584 1195 709 1261; x_wconf 87' lang='lat' dir='ltr'>iterum</span> <span class='ocrx_word' id='word_1_42' title='bbox 732 1203 829 1261; x_wconf 87' lang='lat' dir='ltr'>erant</span> <span class='ocrx_word' id='word_1_43' title='bbox 853 1195 1078 1261; x_wconf 85' lang='lat' dir='ltr'>examinanda</span> <span class='ocrx_word' id='word_1_44' title='bbox 1096 1195 1189 1261; x_wconf 88' lang='lat' dir='ltr'>etde</span> <span class='ocrx_word' id='word_1_45' title='bbox 1207 1197 1330 1262; x_wconf 88' lang='lat' dir='ltr'>ceteris</span> 
     </span>
     <span class='ocr_line' id='line_1_8' title="bbox 271 1309 1332 1396; baseline 0 -20"><span class='ocrx_word' id='word_1_46' title='bbox 271 1312 463 1377; x_wconf 87' lang='lat' dir='ltr'>oratoribus</span> <span class='ocrx_word' id='word_1_47' title='bbox 479 1310 521 1376; x_wconf 91' lang='lat' dir='ltr'>de</span> <span class='ocrx_word' id='word_1_48' title='bbox 536 1311 670 1396; x_wconf 85' lang='lat' dir='ltr'>integro</span> <span class='ocrx_word' id='word_1_49' title='bbox 685 1310 935 1395; x_wconf 90' lang='lat' dir='ltr'>inquirendum.</span> <span class='ocrx_word' id='word_1_50' title='bbox 985 1309 1212 1378; x_wconf 75' lang='lat' dir='ltr'>Callimachus</span> <span class='ocrx_word' id='word_1_51' title='bbox 1231 1312 1332 1395; x_wconf 90' lang='lat' dir='ltr'>enim,</span> 
     </span>
     <span class='ocr_line' id='line_1_9' title="bbox 270 1424 1331 1513; baseline 0.001 -21"><span class='ocrx_word' id='word_1_52' title='bbox 270 1427 367 1492; x_wconf 90' lang='lat' dir='ltr'>cuius</span> <span class='ocrx_word' id='word_1_53' title='bbox 382 1424 523 1491; x_wconf 88' lang='lat' dir='ltr'>tabulae</span> <span class='ocrx_word' id='word_1_54' title='bbox 541 1431 615 1491; x_wconf 92' lang='lat' dir='ltr'>tum</span> <span class='ocrx_word' id='word_1_55' title='bbox 630 1446 691 1511; x_wconf 89' lang='lat' dir='ltr'>per</span> <span class='ocrx_word' id='word_1_56' title='bbox 708 1426 855 1489; x_wconf 90' lang='lat' dir='ltr'>omnium</span> <span class='ocrx_word' id='word_1_57' title='bbox 877 1447 997 1490; x_wconf 92' lang='lat' dir='ltr'>manus</span> <span class='ocrx_word' id='word_1_58' title='bbox 1022 1426 1233 1509; x_wconf 85' lang='lat' dir='ltr'>ferebantur,</span> <span class='ocrx_word' id='word_1_59' title='bbox 1255 1428 1331 1513; x_wconf 92' lang='lat' dir='ltr'>plu·</span> 
     </span>
     <span class='ocr_line' id='line_1_10' title="bbox 271 1541 1334 1626; baseline 0 -20"><span class='ocrx_word' id='word_1_60' title='bbox 271 1543 392 1607; x_wconf 84' lang='lat' dir='ltr'>nimum</span> <span class='ocrx_word' id='word_1_61' title='bbox 415 1543 542 1608; x_wconf 89' lang='lat' dir='ltr'>laboris</span> <span class='ocrx_word' id='word_1_62' title='bbox 566 1541 674 1626; x_wconf 91' lang='lat' dir='ltr'>poetis</span> <span class='ocrx_word' id='word_1_63' title='bbox 698 1541 876 1622; x_wconf 88' lang='lat' dir='ltr'>tribuerat,</span> <span class='ocrx_word' id='word_1_64' title='bbox 900 1541 942 1606; x_wconf 92' lang='lat' dir='ltr'>de</span> <span class='ocrx_word' id='word_1_65' title='bbox 968 1542 1158 1607; x_wconf 89' lang='lat' dir='ltr'>oratoribus</span> <span class='ocrx_word' id='word_1_66' title='bbox 1181 1542 1334 1607; x_wconf 81' lang='lat' dir='ltr'>breviter</span> 
     </span>
     <span class='ocr_line' id='line_1_11' title="bbox 272 1657 1330 1743; baseline 0 -21"><span class='ocrx_word' id='word_1_67' title='bbox 272 1663 307 1722; x_wconf 91' lang='lat' dir='ltr'>et</span> <span class='ocrx_word' id='word_1_68' title='bbox 329 1658 438 1723; x_wconf 87' lang='lat' dir='ltr'>multa</span> <span class='ocrx_word' id='word_1_69' title='bbox 458 1664 586 1722; x_wconf 89' lang='lat' dir='ltr'>temere</span> <span class='ocrx_word' id='word_1_70' title='bbox 612 1663 744 1743; x_wconf 80' lang='lat' dir='ltr'>egerat,</span> <span class='ocrx_word' id='word_1_71' title='bbox 774 1657 822 1721; x_wconf 90' lang='lat' dir='ltr'>ita</span> <span class='ocrx_word' id='word_1_72' title='bbox 846 1664 894 1740; x_wconf 92' lang='lat' dir='ltr'>ut,</span> <span class='ocrx_word' id='word_1_73' title='bbox 918 1657 976 1742; x_wconf 92' lang='lat' dir='ltr'>qui</span> <span class='ocrx_word' id='word_1_74' title='bbox 998 1657 1115 1742; x_wconf 92' lang='lat' dir='ltr'>paullo</span> <span class='ocrx_word' id='word_1_75' title='bbox 1139 1658 1330 1723; x_wconf 86' lang='lat' dir='ltr'>accuratius</span> 
     </span>
     <span class='ocr_line' id='line_1_12' title="bbox 272 1772 1332 1859; baseline 0 -21"><span class='ocrx_word' id='word_1_76' title='bbox 272 1779 306 1838; x_wconf 86' lang='lat' dir='ltr'>et</span> <span class='ocrx_word' id='word_1_77' title='bbox 330 1773 521 1839; x_wconf 90' lang='lat' dir='ltr'>orationum</span> <span class='ocrx_word' id='word_1_78' title='bbox 545 1772 716 1839; x_wconf 87' lang='lat' dir='ltr'>scribendi</span> <span class='ocrx_word' id='word_1_79' title='bbox 740 1793 850 1859; x_wconf 81' lang='lat' dir='ltr'>genus</span> <span class='ocrx_word' id='word_1_80' title='bbox 874 1780 907 1838; x_wconf 88' lang='lat' dir='ltr'>et</span> <span class='ocrx_word' id='word_1_81' title='bbox 930 1793 1043 1838; x_wconf 88' lang='lat' dir='ltr'>rerum</span> <span class='ocrx_word' id='word_1_82' title='bbox 1059 1781 1232 1858; x_wconf 85' lang='lat' dir='ltr'>gestarum</span> <span class='ocrx_word' id='word_1_83' title='bbox 1247 1779 1332 1840; x_wconf 91' lang='lat' dir='ltr'>tem·</span> 
     </span>
     <span class='ocr_line' id='line_1_13' title="bbox 271 1887 1330 1974; baseline 0 -22"><span class='ocrx_word' id='word_1_84' title='bbox 271 1908 355 1974; x_wconf 90' lang='lat' dir='ltr'>pora</span> <span class='ocrx_word' id='word_1_85' title='bbox 382 1888 581 1974; x_wconf 88' lang='lat' dir='ltr'>inspiceret,</span> <span class='ocrx_word' id='word_1_86' title='bbox 610 1908 686 1952; x_wconf 91' lang='lat' dir='ltr'>eum</span> <span class='ocrx_word' id='word_1_87' title='bbox 715 1887 815 1952; x_wconf 79' lang='lat' dir='ltr'>facile</span> <span class='ocrx_word' id='word_1_88' title='bbox 842 1888 1025 1952; x_wconf 91' lang='lat' dir='ltr'>multorum</span> <span class='ocrx_word' id='word_1_89' title='bbox 1055 1909 1207 1953; x_wconf 90' lang='lat' dir='ltr'>errorum</span> <span class='ocrx_word' id='word_1_90' title='bbox 1239 1887 1330 1952; x_wconf 91' lang='lat' dir='ltr'>dam·</span> 
     </span>
     <span class='ocr_line' id='line_1_14' title="bbox 275 2002 1331 2088; baseline 0 -20"><span class='ocrx_word' id='word_1_91' title='bbox 275 2003 428 2088; x_wconf 83' lang='lat' dir='ltr'>naret*).</span> <span class='ocrx_word' id='word_1_92' title='bbox 475 2003 587 2078; x_wconf 78' lang='lat' dir='ltr'>Quare</span> <span class='ocrx_word' id='word_1_93' title='bbox 615 2003 742 2068; x_wconf 87' lang='lat' dir='ltr'>multus</span> <span class='ocrx_word' id='word_1_94' title='bbox 773 2004 882 2068; x_wconf 89' lang='lat' dir='ltr'>estin</span> <span class='ocrx_word' id='word_1_95' title='bbox 907 2002 1114 2068; x_wconf 77' lang='lat' dir='ltr'>Callimacho</span> <span class='ocrx_word' id='word_1_96' title='bbox 1139 2004 1262 2068; x_wconf 87' lang='lat' dir='ltr'>acriter</span> <span class='ocrx_word' id='word_1_97' title='bbox 1283 2004 1331 2069; x_wconf 81' lang='lat' dir='ltr'>vi·</span> 
     </span>
     <span class='ocr_line' id='line_1_15' title="bbox 272 2117 1329 2206; baseline -0.001 -22"><span class='ocrx_word' id='word_1_98' title='bbox 272 2119 464 2206; x_wconf 85' lang='lat' dir='ltr'>tuperando</span> <span class='ocrx_word' id='word_1_99' title='bbox 482 2118 666 2204; x_wconf 87' lang='lat' dir='ltr'>Dionysius</span> <span class='ocrx_word' id='word_1_100' title='bbox 684 2140 760 2184; x_wconf 87' lang='lat' dir='ltr'>oum</span> <span class='ocrx_word' id='word_1_101' title='bbox 779 2118 860 2182; x_wconf 89' lang='lat' dir='ltr'>alibi</span> <span class='ocrx_word' id='word_1_102' title='bbox 877 2125 948 2182; x_wconf 90' lang='lat' dir='ltr'>tum</span> <span class='ocrx_word' id='word_1_103' title='bbox 963 2119 998 2182; x_wconf 91' lang='lat' dir='ltr'>in</span> <span class='ocrx_word' id='word_1_104' title='bbox 1018 2117 1189 2183; x_wconf 89' lang='lat' dir='ltr'>Dinarcho</span> <span class='ocrx_word' id='word_1_105' title='bbox 1214 2140 1286 2204; x_wconf 89' lang='lat' dir='ltr'>cap.</span> <span class='ocrx_word' id='word_1_106' title='bbox 1314 2120 1329 2182; x_wconf 97' lang='grc'>1</span> 
     </span>
     <span class='ocr_line' id='line_1_16' title="bbox 274 2233 1331 2320; baseline -0.003 -20"><span class='ocrx_word' id='word_1_107' title='bbox 274 2234 331 2320; x_wconf 87' lang='lat' dir='ltr'>(V,</span> <span class='ocrx_word' id='word_1_108' title='bbox 353 2237 417 2299; x_wconf 88' lang='lat'>630</span> <span class='ocrx_word' id='word_1_109' title='bbox 434 2235 506 2320; x_wconf 84' lang='lat' dir='ltr'><strong>R.);</strong></span> <span class='ocrx_word' id='word_1_110' title='bbox 529 2234 687 2319; x_wconf 87' lang='lat' dir='ltr'>idemque</span> <span class='ocrx_word' id='word_1_111' title='bbox 709 2233 876 2299; x_wconf 79' lang='lat' dir='ltr'>Caecilius</span> <span class='ocrx_word' id='word_1_112' title='bbox 896 2234 1018 2299; x_wconf 86' lang='lat' dir='ltr'>fecisse</span> <span class='ocrx_word' id='word_1_113' title='bbox 1042 2235 1178 2299; x_wconf 84' lang='lat' dir='ltr'>videtur</span> <span class='ocrx_word' id='word_1_114' title='bbox 1201 2234 1258 2319; x_wconf 83' lang='lat' dir='ltr'>(fr.</span> <span class='ocrx_word' id='word_1_115' title='bbox 1275 2234 1331 2319; x_wconf 82' lang='lat'>20)</span> 
     </span>
     <span class='ocr_line' id='line_1_17' title="bbox 274 2348 1332 2437; baseline -0.002 -22"><span class='ocrx_word' id='word_1_116' title='bbox 274 2373 351 2416; x_wconf 89' lang='lat' dir='ltr'>oum</span> <span class='ocrx_word' id='word_1_117' title='bbox 368 2372 491 2437; x_wconf 81' lang='lat' dir='ltr'>magna</span> <span class='ocrx_word' id='word_1_118' title='bbox 509 2350 680 2436; x_wconf 90' lang='lat' dir='ltr'>suiipsius</span> <span class='ocrx_word' id='word_1_119' title='bbox 699 2350 815 2415; x_wconf 92' lang='lat' dir='ltr'>iudicii</span> <span class='ocrx_word' id='word_1_120' title='bbox 831 2349 1046 2414; x_wconf 88' lang='lat' dir='ltr'>confidentia.</span> <span class='ocrx_word' id='word_1_121' title='bbox 1082 2348 1204 2435; x_wconf 85' lang='lat' dir='ltr'>Neque</span> <span class='ocrx_word' id='word_1_122' title='bbox 1219 2356 1332 2415; x_wconf 90' lang='lat' dir='ltr'>tamen</span> 
     </span>
     <span class='ocr_line' id='line_1_18' title="bbox 273 2464 1332 2552; baseline -0.003 -20"><span class='ocrx_word' id='word_1_123' title='bbox 273 2466 393 2552; x_wconf 84' lang='lat' dir='ltr'>negari</span> <span class='ocrx_word' id='word_1_124' title='bbox 419 2465 543 2551; x_wconf 88' lang='lat' dir='ltr'>poterit</span> <span class='ocrx_word' id='word_1_125' title='bbox 571 2485 649 2530; x_wconf 88' lang='lat' dir='ltr'>eum</span> <span class='ocrx_word' id='word_1_126' title='bbox 677 2464 931 2550; x_wconf 87' lang='lat' dir='ltr'>diligentissime</span> <span class='ocrx_word' id='word_1_127' title='bbox 958 2470 1073 2551; x_wconf 86' lang='lat' dir='ltr'>partes</span> <span class='ocrx_word' id='word_1_128' title='bbox 1104 2486 1182 2529; x_wconf 88' lang='lat' dir='ltr'>suas</span> <span class='ocrx_word' id='word_1_129' title='bbox 1207 2465 1332 2551; x_wconf 80' lang='lat' dir='ltr'>egisse3</span> 
     </span>
     <span class='ocr_line' id='line_1_19' title="bbox 275 2578 1373 2671; baseline -0.003 -21"><span class='ocrx_word' id='word_1_130' title='bbox 275 2587 329 2650; x_wconf 90' lang='lat' dir='ltr'>oui</span> <span class='ocrx_word' id='word_1_131' title='bbox 348 2585 398 2650; x_wconf 91' lang='lat' dir='ltr'>rei</span> <span class='ocrx_word' id='word_1_132' title='bbox 417 2585 607 2650; x_wconf 89' lang='lat' dir='ltr'>testimonio</span> <span class='ocrx_word' id='word_1_133' title='bbox 625 2595 676 2650; x_wconf 89' lang='lat' dir='ltr'>est</span> <span class='ocrx_word' id='word_1_134' title='bbox 695 2584 787 2671; x_wconf 88' lang='lat' dir='ltr'>apud</span> <span class='ocrx_word' id='word_1_135' title='bbox 803 2585 1008 2671; x_wconf 86' lang='lat' dir='ltr'>posteriores</span> <span class='ocrx_word' id='word_1_136' title='bbox 1031 2584 1188 2648; x_wconf 88' lang='lat' dir='ltr'>rhetores</span> <span class='ocrx_word' id='word_1_137' title='bbox 1210 2583 1333 2648; x_wconf 87' lang='lat' dir='ltr'>eximia</span> <span class='ocrx_word' id='word_1_138' title='bbox 1371 2578 1373 2582; x_wconf 70' lang='grc'><strong>’</strong></span> 
     </span>
     <span class='ocr_line' id='line_1_20' title="bbox 273 2696 1334 2785; baseline -0.005 -18"><span class='ocrx_word' id='word_1_139' title='bbox 273 2701 338 2767; x_wconf 82' lang='lat' dir='ltr'>viri</span> <span class='ocrx_word' id='word_1_140' title='bbox 369 2701 568 2785; x_wconf 81' lang='lat' dir='ltr'>auctoritas3</span> <span class='ocrx_word' id='word_1_141' title='bbox 607 2721 685 2764; x_wconf 95' lang='lat' dir='ltr'>nam</span> <span class='ocrx_word' id='word_1_142' title='bbox 718 2719 819 2785; x_wconf 86' lang='lat' dir='ltr'>saepe</span> <span class='ocrx_word' id='word_1_143' title='bbox 855 2720 931 2764; x_wconf 91' lang='lat' dir='ltr'>eum</span> <span class='ocrx_word' id='word_1_144' title='bbox 963 2696 1098 2783; x_wconf 78' lang='grc' dir='ltr'>κριτικὸν</span> <span class='ocrx_word' id='word_1_145' title='bbox 1125 2698 1334 2784; x_wconf 86' lang='lat' dir='ltr'>appellatum</span> 
     </span>
    </p>

    <p class='ocr_par' dir='ltr' id='par_1_3' title="bbox 274 2811 1337 3596">
     <span class='ocr_line' id='line_1_21' title="bbox 300 2811 1337 2902; baseline -0.003 -19"><span class='ocrx_word' id='word_1_146' title='bbox 300 2818 343 2883; x_wconf 77' lang='lat' dir='ltr'>cf,</span> <span class='ocrx_word' id='word_1_147' title='bbox 372 2818 485 2882; x_wconf 93' lang='lat' dir='ltr'>locum</span> <span class='ocrx_word' id='word_1_148' title='bbox 512 2838 614 2902; x_wconf 89' lang='lat' dir='ltr'>supra</span> <span class='ocrx_word' id='word_1_149' title='bbox 642 2816 784 2882; x_wconf 88' lang='lat' dir='ltr'>allatum</span> <span class='ocrx_word' id='word_1_150' title='bbox 819 2816 860 2881; x_wconf 83' lang='lat' dir='ltr'>fr.</span> <span class='ocrx_word' id='word_1_151' title='bbox 888 2818 946 2900; x_wconf 79' lang='lat'>203</span> <span class='ocrx_word' id='word_1_152' title='bbox 970 2816 1011 2880; x_wconf 86' lang='lat' dir='ltr'>fr.</span> <span class='ocrx_word' id='word_1_153' title='bbox 1034 2815 1092 2900; x_wconf 59' lang='lat'>9³3</span> <span class='ocrx_word' id='word_1_154' title='bbox 1131 2815 1172 2879; x_wconf 89' lang='lat' dir='ltr'>fr.</span> <span class='ocrx_word' id='word_1_155' title='bbox 1195 2815 1254 2879; x_wconf 74' lang='lat'><strong>13¹²</strong></span> <span class='ocrx_word' id='word_1_156' title='bbox 1281 2811 1337 2880; x_wconf 79' lang='grc' dir='ltr'>οὐκ</span> 
     </span>
     <span class='ocr_line' id='line_1_22' title="bbox 275 2913 1333 3018; baseline -0.005 -20"><span class='ocrx_word' id='word_1_157' title='bbox 275 2932 440 3018; x_wconf 76' lang='grc' dir='ltr'>ἐγκρίνει</span> <span class='ocrx_word' id='word_1_158' title='bbox 469 2930 562 2998; x_wconf 76' lang='grc' dir='ltr'>αὐτὸν</span> <span class='ocrx_word' id='word_1_159' title='bbox 592 2929 608 2997; x_wconf 83' lang='grc' dir='ltr'><strong>ὃ</strong></span> <span class='ocrx_word' id='word_1_160' title='bbox 629 2930 810 3011; x_wconf 79' lang='grc' dir='ltr'>Καικίλιος,</span> <span class='ocrx_word' id='word_1_161' title='bbox 833 2913 932 3016; x_wconf 90' lang='lat' dir='ltr'>quod</span> <span class='ocrx_word' id='word_1_162' title='bbox 963 2931 1108 2996; x_wconf 84' lang='lat' dir='ltr'>verbum</span> <span class='ocrx_word' id='word_1_163' title='bbox 1133 2951 1209 2994; x_wconf 89' lang='lat' dir='ltr'>eum</span> <span class='ocrx_word' id='word_1_164' title='bbox 1233 2929 1333 3014; x_wconf 82' lang='lat' dir='ltr'>signi·</span> 
     </span>
     <span class='ocr_line' id='line_1_23' title="bbox 274 3043 1333 3133; baseline -0.007 -20"><span class='ocrx_word' id='word_1_165' title='bbox 274 3048 366 3130; x_wconf 84' lang='lat' dir='ltr'>ficet,</span> <span class='ocrx_word' id='word_1_166' title='bbox 390 3048 447 3133; x_wconf 90' lang='lat' dir='ltr'>qui</span> <span class='ocrx_word' id='word_1_167' title='bbox 471 3048 620 3112; x_wconf 91' lang='lat' dir='ltr'>omnium</span> <span class='ocrx_word' id='word_1_168' title='bbox 644 3047 741 3131; x_wconf 90' lang='lat' dir='ltr'>quasi</span> <span class='ocrx_word' id='word_1_169' title='bbox 764 3067 874 3111; x_wconf 92' lang='lat' dir='ltr'>canon</span> <span class='ocrx_word' id='word_1_170' title='bbox 891 3052 924 3111; x_wconf 90' lang='lat' dir='ltr'>et</span> <span class='ocrx_word' id='word_1_171' title='bbox 939 3044 1062 3132; x_wconf 87' lang='lat' dir='ltr'>regula</span> <span class='ocrx_word' id='word_1_172' title='bbox 1077 3045 1119 3108; x_wconf 89' lang='lat' dir='ltr'>sit</span> <span class='ocrx_word' id='word_1_173' title='bbox 1138 3043 1333 3126; x_wconf 87' lang='lat' dir='ltr'>habendus)</span> 
     </span>
     <span class='ocr_line' id='line_1_24' title="bbox 276 3158 1334 3248; baseline -0.006 -19"><span class='ocrx_word' id='word_1_174' title='bbox 276 3170 310 3229; x_wconf 83' lang='lat' dir='ltr'>et</span> <span class='ocrx_word' id='word_1_175' title='bbox 333 3164 406 3228; x_wconf 88' lang='lat' dir='ltr'>eius</span> <span class='ocrx_word' id='word_1_176' title='bbox 436 3162 562 3228; x_wconf 86' lang='lat' dir='ltr'>iudicia</span> <span class='ocrx_word' id='word_1_177' title='bbox 591 3162 693 3227; x_wconf 88' lang='lat' dir='ltr'>tacite</span> <span class='ocrx_word' id='word_1_178' title='bbox 726 3162 912 3248; x_wconf 85' lang='lat' dir='ltr'>aposteris</span> <span class='ocrx_word' id='word_1_179' title='bbox 942 3161 1087 3247; x_wconf 92' lang='lat' dir='ltr'>probata</span> <span class='ocrx_word' id='word_1_180' title='bbox 1114 3160 1218 3225; x_wconf 83' lang='lat' dir='ltr'>fuisse</span> <span class='ocrx_word' id='word_1_181' title='bbox 1241 3158 1334 3226; x_wconf 81' lang='lat' dir='ltr'>vide-</span> 
     </span>
     <span class='ocr_line' id='line_1_25' title="bbox 274 3275 1336 3364; baseline -0.006 -20"><span class='ocrx_word' id='word_1_182' title='bbox 274 3301 349 3345; x_wconf 93' lang='lat' dir='ltr'>mus</span> <span class='ocrx_word' id='word_1_183' title='bbox 374 3279 432 3364; x_wconf 91' lang='lat' dir='ltr'>(ef.</span> <span class='ocrx_word' id='word_1_184' title='bbox 452 3277 577 3343; x_wconf 87' lang='lat' dir='ltr'>Suidae</span> <span class='ocrx_word' id='word_1_185' title='bbox 594 3277 882 3343; x_wconf 90' lang='lat' dir='ltr'>enumerationem</span> <span class='ocrx_word' id='word_1_186' title='bbox 898 3277 1097 3362; x_wconf 87' lang='lat' dir='ltr'>scriptorum</span> <span class='ocrx_word' id='word_1_187' title='bbox 1114 3275 1336 3361; x_wconf 81' lang='lat' dir='ltr'>Lysiaeorum</span> 
     </span>
     <span class='ocr_line' id='line_1_26' title="bbox 277 3391 1337 3481; baseline -0.004 -22"><span class='ocrx_word' id='word_1_188' title='bbox 277 3401 348 3460; x_wconf 89' lang='lat' dir='ltr'>not.</span> <span class='ocrx_word' id='word_1_189' title='bbox 375 3397 415 3459; x_wconf 91' lang='lat'>10</span> <span class='ocrx_word' id='word_1_190' title='bbox 441 3401 475 3459; x_wconf 86' lang='lat' dir='ltr'>et</span> <span class='ocrx_word' id='word_1_191' title='bbox 497 3393 755 3481; x_wconf 82' lang='lat' dir='ltr'>Lycurgeorum</span> <span class='ocrx_word' id='word_1_192' title='bbox 778 3393 821 3458; x_wconf 79' lang='lat' dir='ltr'>fr.</span> <span class='ocrx_word' id='word_1_193' title='bbox 847 3392 917 3478; x_wconf 84' lang='lat'>15);</span> <span class='ocrx_word' id='word_1_194' title='bbox 948 3392 1138 3458; x_wconf 88' lang='lat' dir='ltr'>testimonio</span> <span class='ocrx_word' id='word_1_195' title='bbox 1163 3397 1240 3457; x_wconf 89' lang='lat' dir='ltr'>sunt</span> <span class='ocrx_word' id='word_1_196' title='bbox 1262 3391 1337 3476; x_wconf 87' lang='lat' dir='ltr'>ipsa</span> 
     </span>
     <span class='ocr_line' id='line_1_27' title="bbox 277 3506 1334 3596; baseline -0.005 -22"><span class='ocrx_word' id='word_1_197' title='bbox 277 3511 469 3596; x_wconf 86' lang='lat' dir='ltr'>fragmenta</span> <span class='ocrx_word' id='word_1_198' title='bbox 497 3510 533 3573; x_wconf 91' lang='lat' dir='ltr'>in</span> <span class='ocrx_word' id='word_1_199' title='bbox 564 3509 641 3575; x_wconf 83' lang='lat' dir='ltr'>vitis</span> <span class='ocrx_word' id='word_1_200' title='bbox 664 3507 697 3573; x_wconf 90' lang='lat' dir='ltr'>X</span> <span class='ocrx_word' id='word_1_201' title='bbox 721 3515 893 3574; x_wconf 90' lang='lat' dir='ltr'>oratorum</span> <span class='ocrx_word' id='word_1_202' title='bbox 927 3508 1106 3572; x_wconf 88' lang='lat' dir='ltr'>exstantia.</span> <span class='ocrx_word' id='word_1_203' title='bbox 1151 3506 1238 3571; x_wconf 89' lang='lat' dir='ltr'>Nam</span> <span class='ocrx_word' id='word_1_204' title='bbox 1267 3525 1334 3569; x_wconf 93' lang='lat' dir='ltr'>non</span> 
     </span>
    </p>
   </div>
   <div class='ocr_carea' id='block_1_3' title="bbox 274 3621 1438 3711">
    <p class='ocr_par' dir='ltr' id='par_1_4' title="bbox 274 3621 1438 3711">
     <span class='ocr_line' id='line_1_28' title="bbox 274 3621 1438 3711; baseline -0.005 -21"><span class='ocrx_word' id='word_1_205' title='bbox 274 3625 375 3694; x_wconf 90' lang='lat' dir='ltr'>modo</span> <span class='ocrx_word' id='word_1_206' title='bbox 405 3625 629 3711; x_wconf 86' lang='lat' dir='ltr'>genuinarum</span> <span class='ocrx_word' id='word_1_207' title='bbox 660 3625 917 3711; x_wconf 89' lang='lat' dir='ltr'>spuriarumque</span> <span class='ocrx_word' id='word_1_208' title='bbox 946 3625 1135 3690; x_wconf 89' lang='lat' dir='ltr'>orationum</span> <span class='ocrx_word' id='word_1_209' title='bbox 1165 3641 1336 3702; x_wconf 85' lang='lat' dir='ltr'>numeros,</span> <span class='ocrx_word' id='word_1_210' title='bbox 1433 3621 1438 3639; x_wconf 91' lang='grc'><strong>’</strong></span> 
     </span>
    </p>
   </div>
   <div class='ocr_carea' id='block_1_4' title="bbox 276 3735 1336 3941">
    <p class='ocr_par' dir='ltr' id='par_1_5' title="bbox 276 3735 1336 3941">
     <span class='ocr_line' id='line_1_29' title="bbox 278 3735 1336 3824; baseline -0.006 -20"><span class='ocrx_word' id='word_1_211' title='bbox 278 3738 339 3804; x_wconf 88' lang='lat' dir='ltr'>sed</span> <span class='ocrx_word' id='word_1_212' title='bbox 363 3739 483 3805; x_wconf 91' lang='lat' dir='ltr'>harum</span> <span class='ocrx_word' id='word_1_213' title='bbox 508 3739 644 3824; x_wconf 92' lang='lat' dir='ltr'>quidem</span> <span class='ocrx_word' id='word_1_214' title='bbox 663 3740 815 3824; x_wconf 84' lang='lat' dir='ltr'>singulos</span> <span class='ocrx_word' id='word_1_215' title='bbox 833 3759 968 3824; x_wconf 90' lang='lat' dir='ltr'>quoque</span> <span class='ocrx_word' id='word_1_216' title='bbox 989 3738 1120 3820; x_wconf 86' lang='lat' dir='ltr'>titulos,</span> <span class='ocrx_word' id='word_1_217' title='bbox 1142 3737 1206 3801; x_wconf 92' lang='lat' dir='ltr'>nisi</span> <span class='ocrx_word' id='word_1_218' title='bbox 1222 3735 1336 3816; x_wconf 90' lang='lat' dir='ltr'>fallor,</span> 
     </span>
     <span class='ocr_line' id='line_1_30' title="bbox 276 3850 1334 3941; baseline -0.007 -21"><span class='ocrx_word' id='word_1_219' title='bbox 276 3854 445 3921; x_wconf 87' lang='lat' dir='ltr'>Caecilius</span> <span class='ocrx_word' id='word_1_220' title='bbox 471 3855 627 3941; x_wconf 93' lang='lat' dir='ltr'>adposuit</span> <span class='ocrx_word' id='word_1_221' title='bbox 651 3854 1083 3940; x_wconf 78' lang='lat' dir='ltr'>(cf.fr.3.15.),f0rtassc</span> <span class='ocrx_word' id='word_1_222' title='bbox 1108 3872 1239 3933; x_wconf 87' lang='lat' dir='ltr'>causas,</span> <span class='ocrx_word' id='word_1_223' title='bbox 1263 3850 1334 3934; x_wconf 92' lang='lat' dir='ltr'>qui-</span> 
     </span>
    </p>
   </div>
   <div class='ocr_carea' id='block_1_5' title="bbox 275 4037 1337 4318">
    <p class='ocr_par' dir='ltr' id='par_1_6' title="bbox 275 4037 1337 4318">
     <span class='ocr_line' id='line_1_31' title="bbox 346 4037 1335 4139; baseline -0.009 -14"><span class='ocrx_word' id='word_1_224' title='bbox 346 4069 372 4136; x_wconf 85' lang='lat'>*)</span> <span class='ocrx_word' id='word_1_225' title='bbox 394 4070 439 4124; x_wconf 89' lang='lat' dir='ltr'>De</span> <span class='ocrx_word' id='word_1_226' title='bbox 465 4037 566 4139; x_wconf 84' lang='lat' dir='ltr'>quare</span> <span class='ocrx_word' id='word_1_227' title='bbox 590 4067 625 4125; x_wconf 84' lang='lat' dir='ltr'>of.</span> <span class='ocrx_word' id='word_1_228' title='bbox 643 4069 789 4124; x_wconf 83' lang='lat' dir='ltr'>Rehdantz</span> <span class='ocrx_word' id='word_1_229' title='bbox 816 4068 845 4122; x_wconf 93' lang='lat' dir='ltr'>in</span> <span class='ocrx_word' id='word_1_230' title='bbox 872 4066 996 4123; x_wconf 72' lang='lat' dir='ltr'>Schafori</span> <span class='ocrx_word' id='word_1_231' title='bbox 1021 4065 1092 4121; x_wconf 88' lang='lat' dir='ltr'>libro</span> <span class='ocrx_word' id='word_1_232' title='bbox 1117 4063 1335 4132; x_wconf 81' lang='lat' dir='ltr'>„Demosthenes</span> 
     </span>
     <span class='ocr_line' id='line_1_32' title="bbox 276 4152 1337 4224; baseline -0.007 -12"><span class='ocrx_word' id='word_1_233' title='bbox 276 4157 334 4212; x_wconf 89' lang='lat' dir='ltr'>und</span> <span class='ocrx_word' id='word_1_234' title='bbox 352 4159 430 4214; x_wconf 87' lang='lat' dir='ltr'>seins</span> <span class='ocrx_word' id='word_1_235' title='bbox 449 4159 524 4213; x_wconf 85' lang='lat' dir='ltr'>Zeit“</span> <span class='ocrx_word' id='word_1_236' title='bbox 544 4159 599 4214; x_wconf 92' lang='lat' dir='ltr'>vol.</span> <span class='ocrx_word' id='word_1_237' title='bbox 620 4158 673 4214; x_wconf 88' lang='lat'><em>111.</em></span> <span class='ocrx_word' id='word_1_238' title='bbox 691 4160 724 4214; x_wconf 86' lang='lat' dir='ltr'>B.</span> <span class='ocrx_word' id='word_1_239' title='bbox 745 4156 910 4224; x_wconf 81' lang='lat' dir='ltr'>,Schluss“;</span> <span class='ocrx_word' id='word_1_240' title='bbox 935 4156 970 4210; x_wconf 89' lang='lat' dir='ltr'>de</span> <span class='ocrx_word' id='word_1_241' title='bbox 996 4154 1098 4208; x_wconf 87' lang='lat' dir='ltr'>ceteris</span> <span class='ocrx_word' id='word_1_242' title='bbox 1122 4157 1189 4222; x_wconf 89' lang='lat' dir='ltr'>post</span> <span class='ocrx_word' id='word_1_243' title='bbox 1207 4152 1337 4208; x_wconf 85' lang='lat' dir='ltr'>Callima·</span> 
     </span>
     <span class='ocr_line' id='line_1_33' title="bbox 275 4240 1336 4318; baseline -0.006 -17"><span class='ocrx_word' id='word_1_244' title='bbox 275 4247 356 4302; x_wconf 88' lang='lat' dir='ltr'>chum</span> <span class='ocrx_word' id='word_1_245' title='bbox 373 4247 559 4318; x_wconf 82' lang='lat' dir='ltr'>grammaticis</span> <span class='ocrx_word' id='word_1_246' title='bbox 578 4246 673 4302; x_wconf 80' lang='lat' dir='ltr'>Meieri</span> <span class='ocrx_word' id='word_1_247' title='bbox 687 4249 831 4301; x_wconf 87' lang='lat' dir='ltr'>comment.</span> <span class='ocrx_word' id='word_1_248' title='bbox 851 4243 886 4298; x_wconf 89' lang='lat' dir='ltr'>dc</span> <span class='ocrx_word' id='word_1_249' title='bbox 899 4241 1008 4299; x_wconf 81' lang='lat' dir='ltr'>Andoc.</span> <span class='ocrx_word' id='word_1_250' title='bbox 1022 4246 1091 4298; x_wconf 84' lang='lat' dir='ltr'>orat.</span> <span class='ocrx_word' id='word_1_251' title='bbox 1104 4247 1190 4297; x_wconf 86' lang='lat' dir='ltr'>contr.</span> <span class='ocrx_word' id='word_1_252' title='bbox 1209 4241 1271 4296; x_wconf 79' lang='lat' dir='ltr'>Alo.</span> <span class='ocrx_word' id='word_1_253' title='bbox 1286 4240 1336 4295; x_wconf 89' lang='lat' dir='ltr'>lV.</span> 
     </span>
    </p>
   </div>
   <div class='ocr_carea' id='block_1_6' title="bbox 0 0 1657 5006">
    <p class='ocr_par' dir='ltr' id='par_1_7' title="bbox 0 0 1657 5006">
     <span class='ocr_line' id='line_1_34' title="bbox 0 0 1657 5006; baseline 0 0"><span class='ocrx_word' id='word_1_254' title='bbox 0 0 1657 5006; x_wconf 95' lang='lat' dir='ltr'> </span> 
     </span>
    </p>
   </div>
  </div>
 </body>
</html>
