3290 5006
739 360 935 424 „2-

311 537 374 606 128
398 553 470 620 sqq.
494 535 630 621 (18303
655 535 849 621 fragmenta
872 536 1013 624 collegit
1037 536 1180 604 Carolus
1203 539 1371 607 Miillerus

309 650 344 714 in
367 649 604 715 historicorum
629 647 837 716 Graecorum
860 651 1058 738 fragmentis
1082 654 1151 719 vol.
1175 652 1232 716 ΙΙΙ
1256 655 1372 741 (1849)

309 786 386 850 pag.
410 765 576 829 330—33.
600 802 642 812 -
666 763 746 829 Alia
770 765 863 830 adire
887 787 955 831 non
977 767 1073 853 potui
1098 789 1185 854 quae
1204 769 1303 834 Belin
1328 770 1370 835 dc

182 892 189 904 ·
309 877 411 944 Ballu
434 879 573 945 histoire
598 880 745 966 critique
770 880 813 945 de
836 880 1052 967 l’dloqucnce
1083 883 1166 948 ohez
1189 885 1240 948 les
1266 883 1372 950 (ireos

309 993 346 1058 II
364 1016 441 1080 pag.
462 997 503 1060 93
524 1017 592 1082 sq.;
617 996 798 1063 Osannus:
818 998 978 1084 Beitrage
1000 1021 1060 1063 nur
1083 999 1210 1085 griech.
1233 1023 1267 1066 u.
1291 1007 1373 1066 rom.

289 1111 498 1196 *Littgeson
527 1111 545 1176 I
578 1112 666 1201 App.
696 1115 716 1178 2
746 1136 779 1200 p.
807 1115 871 1179 295
901 1134 951 1199 sq.
986 1115 1183 1180 attulerunt.
1230 1115 1372 1203 Singula

311 1248 446 1315 quoque
471 1250 559 1315 quae
582 1229 673 1316 apud
696 1230 788 1295 uiros
813 1229 931 1295 doctos
956 1230 1119 1297 adnotata
1140 1228 1258 1298 inveni
1279 1233 1373 1298 inira

310 1347 590 1412 commemorabo.
1246 1333 1249 1340 ’

382 1663 479 1744 cap.
508 1664 541 1734 Ι.
596 1663 657 1730 De
685 1660 775 1729 vita
803 1652 957 1730 caecili
985 1660 1291 1729 commentatio.

396 1838 546 1905 Primum
563 1838 605 1903 de
622 1837 692 1904 rita
707 1837 884 1922 inquirens
906 1836 989 1900 nihil
1011 1836 1090 1902 novi
1106 1835 1261 1902 invenire
1276 1838 1373 1923 potui

307 1961 445 2043 praeter
465 1955 526 2020 illa
550 1955 591 2020 ab
617 1953 691 2019 aliis
719 1953 786 2018 iam
810 1952 912 2035 dicta,
937 1973 1024 2038 quae
1049 1952 1141 2038 quod
1166 1953 1239 2017 fere
1262 1954 1375 2018 omnia
1483 1940 1488 1944 ⁷

309 2092 354 2136 ex
376 2070 481 2135 Suida
502 2069 666 2157 pandent,
690 2067 796 2134 huius
820 2070 929 2135 verba
949 2070 1025 2157 ipsa
1048 2068 1200 2155 adpono:

396 2185 546 2262 Καικίλιος
571 2183 762 2272 Σικελιώτης
784 2183 998 2261 Καλαντιανὸς
1011 2183 1192 2258 -Κάλαντις
1220 2181 1254 2248 δὲ
1283 2180 1371 2258 πόλις

307 2299 581 2388 Σικελίας-ῥήτωρ
613 2285 816 2387 σοφιστεύσας
844 2301 875 2365 ἐν
898 2299 1010 2388 Ῥώμῃ
1039 2298 1088 2366 ἐπὶ
1129 2303 1183 2365 τοῦ
1212 2298 1371 2380 Σεβαστοῦ

308 2417 466 2504 Καίσαρος
495 2415 566 2503 [καὶ
593 2417 649 2492 ἕως
671 2413 849 2501 Ἀδριανοῦ]
887 2414 942 2481 καί
969 2413 1029 2482 ἀπὸ
1065 2413 1190 2496 δούλων,
1218 2413 1258 2492 ὥς
1291 2436 1372 2492 τινες

309 2533 505 2621 ἱστορήκασι,
532 2529 753 2617 καὶπρότερον
783 2530 838 2617 μὲν
864 2529 1052 2617 καλούμενος
1075 2529 1284 2617 Ἀρχαὶγαῖνος
1314 2529 1372 2618 τὴν

308 2648 343 2714 δὲ
362 2646 456 2725 δόξαν
475 2645 629 2722 Ἰουδαῖος.
675 2645 786 2726 Βιβλία
805 2645 838 2711 δὲ
862 2643 954 2712 αὐτοῦ
971 2643 1087 2722 πολλὰ;
1113 2647 1235 2732 quibus
1252 2668 1373 2712 recen-

309 2764 380 2830 sitis
414 2763 456 2829 ab
492 2763 566 2828 aliis
600 2769 634 2827 et
663 2763 804 2828 diversis
835 2763 925 2826 inter
958 2782 1031 2826 sose
1067 2762 1226 2827 manibus
1258 2762 1373 2827 addita

309 2886 389 2946 sunt
417 2881 454 2945 in
482 2880 568 2945 fine:
594 2881 677 2965 [πῶς
707 2878 741 2945 δὲ
767 2876 917 2954 Ἰουδαῖος
944 2881 1046 2949 ταῦτα
1074 2875 1243 2963 {leopoldo}
1277 2875 1370 2963 ['Ioo-

309 2998 394 3072 δαῖος
416 2994 510 3083 σοφὸς
531 2994 573 3062 τὰ
589 2993 786 3084 Ἑλληνικά]

396 3112 546 3177 Patriam
580 3132 649 3176 non
680 3109 838 3176 Κάλαντιν
872 3111 994 3175 urbem
1023 3109 1084 3175 sed
1114 3107 1225 3197 Καλὴν
1252 3107 1370 3196 Ἀκτὴν

308 3227 365 3294 vel
382 3225 554 3314 Καλάκτην
574 3227 694 3308 fuisse,
715 3227 881 3291 coloniam
900 3225 1088 3291 Samiorum
1109 3231 1143 3292 et
1161 3225 1372 3291 Milesiorum

307 3343 343 3408 in
367 3341 624 3429 septentrionali
636 3340 769 3406 Siciliae
787 3364 847 3408 ora
863 3341 1030 3407 maritima
1048 3342 1147 3405 sitam
1170 3340 1229 3425 (of.
1241 3338 1372 3403 Herod.

308 3456 361 3521 VI
378 3460 437 3542 223
459 3457 581 3544 Zumpt
593 3456 636 3522 ad
660 3455 796 3548 Verrin.
813 3479 890 3544 pag.
912 3458 1003 3540 518),
1027 3456 1182 3544 plerique
1199 3456 1263 3520 viri
1283 3455 1373 3520 docti

307 3574 373 3639 ism
395 3573 574 3658 viderunt3
605 3579 639 3638 et
671 3571 815 3641 nominis
839 3573 977 3658 gentilis
1013 3573 1154 3638 formam
1177 3574 1374 3646 Καλακτῖνος

308 3689 366 3754 vel
388 3688 593 3775 Καλακτίτης
615 3709 660 3754 ex
690 3689 801 3754 numis
832 3695 866 3753 et
890 3688 1063 3774 Stephano
1087 3688 1250 3774 Byzantio
1283 3686 1372 3752 eruit

309 3805 488 3870 Miillerus.
533 3803 668 3870 Deinde
699 3826 744 3870 ex
777 3805 884 3870 servis
917 3824 995 3870 eum
1026 3810 1144 3870 natum
1171 3803 1278 3868 fuisse
1301 3822 1371 3866 non

311 3928 362 3986 est
386 3921 477 4006 quod
501 3921 757 4004 addubitemus,
787 3921 816 3985 si
847 3920 987 4005 quidem
1011 3940 1133 3984 nomen
1157 3918 1315 4004 (Κεκιλιος
1336 3918 1372 3983 in

310 4036 483 4102 codicibus
498 4038 700 4124 plerumque
720 4037 891 4120 scribitur)
909 4035 1082 4118 Latinum,
1101 4036 1154 4102 vir
1172 4037 1244 4122 ipse
1264 4033 1373 4097 Grae·

309 4175 368 4218 cus
391 4152 470 4239 fuit3
500 4175 612 4240 neque
637 4175 656 4218 a
680 4152 993 4220 verisimilitudine
1018 4153 1131 4233 abest,
1162 4148 1253 4235 quod
1276 4148 1368 4214 idem
