3290 5006
654 384 896 478 “2⁹7

623 675 660 743 ΙΙ.
685 676 726 741 dc
748 672 913 742 innocue.

319 823 373 888 Fr.
386 820 416 884 6.
439 818 496 884 vit.
520 818 561 882 X.
585 838 648 882 orr.
672 837 704 899 p.
729 817 793 882 835
816 817 855 881 Α.
879 816 965 898 δηλοῖ
986 811 1020 880 δὲ
1034 813 1059 898 ⁸)
1084 808 1152 898 περί
1173 809 1299 877 πάντων

230 935 261 1000 ίν
288 938 353 1010 τοῖς
380 928 481 1014 λόγοις
510 920 553 1004 οἷς
582 929 799 1015 ουγγίφραφιν·
827 927 856 994 οἱ
889 923 1030 1014 μὲνγὰρ
1058 923 1299 1012 ἀπολογουμένου

229 1045 298 1134 περὶ
320 1043 383 1112 τῶν
405 1041 577 1130 μυστηρίων
605 1039 687 1124 eicio,
717 1039 745 1108 οἱ
766 1041 799 1109 δὲ
824 1039 961 1112 nendos
987 1042 1135 1126 διαμένον.
1168 1037 1300 1117 σώζεται.

230 1161 264 1230 ii
287 1157 380 1228 αιἰτσῦ
404 1156 460 1226 καὶ
480 1152 497 1224 ὃ
520 1155 588 1244 περὶ
609 1161 669 1243 τῆς
690 1155 841 1236 ἐνδείξεως
861 1155 950 1241 λόγος
975 1153 1029 1222 καί
1050 1153 1201 1239 ἀπολογία
1223 1149 1300 1240 πρὸς

229 1275 361 1344 Φαίακα
382 1268 526 1358 καὶπερὶ
548 1269 607 1356 τῆς
629 1268 755 1357 ιίμήνης.

309 1393 364 1456 Fr.
396 1392 427 1456 7.
461 1387 539 1455 ibid
576 1389 640 1453 835
671 1389 707 1452 Β.
731 1382 797 1451 ἔστι
818 1383 852 1452 ni
874 1377 988 1461 ἁπλοῦς
1008 1381 1064 1450 καί
1085 1380 1297 1460 ἀκατάσκευος

229 1505 262 1570 ἐν
286 1508 352 1581 τοῖς
372 1499 471 1586 λόγοις
493 1497 610 1588 ἀφελής
631 1523 666 1567 τε
687 1497 742 1566 καί
765 1496 1005 1585 ἀσχημάτιστος,
1022 1502 1048 1586 ⁹)

613 1664 615 1668 ’
643 1705 695 1772 ιιι.
720 1705 761 1770 νο
784 1703 884 1786 ιγοιι.

319 1849 372 1915 Fr.
397 1849 427 1912 8.
450 1846 529 1913 ibid.
554 1845 618 1910 836
641 1846 679 1910 A.
704 1845 847 1930 φέρονται
868 1841 902 1910 δὲ
924 1839 1065 1931 edwio)
1080 1838 1169 1926 Ιλιίγοι
1190 1862 1296 1926 τετρα-

230 1961 327 2028 κόσιοι
353 1958 545 2027 εἰκοσιπέντε·
575 1955 692 2024 τούτων
722 1956 860 2042 γνησίους
889 1954 979 2044 φασὶν
1009 1955 1037 2024 oi
1062 1953 1129 2042 περὶ
1150 1953 1298 2022 Διονύσιον

230 2074 286 2144 καί
307 2073 467 2144 Καικίναν
489 2067 565 2138 εἶναι
586 2071 756 2151 διακοσίους
780 2073 947 2159 τριάκοντα
973 2073 1040 2160 (vel
1066 2076 1174 2159 potius
1197 2077 1297 2138 διακο-

230 2191 311 2268 σίους
340 2188 507 2276 τριάκοντα
529 2194 610 2274 τρεῖς
632 2197 667 2254 ut
689 2195 780 2275 patet
804 2211 845 2256 ex
859 2187 1000 2274 Photic),
1024 2173 1054 2254 ἐν
1077 2179 1121 2266 οἷς
1142 2184 1187 2265 δὶς
1209 2185 1298 2272 μόνον

305 2385 327 2450 ⁸)
347 2384 408 2438 Non
426 2383 518 2437 habeo
536 2399 585 2437 our
603 2382 673 2436 haec
690 2381 811 2438 Caecilio
828 2381 975 2452 vindicem,
1001 2382 1056 2437 nisi
1074 2382 1149 2452 quod
1167 2381 1299 2452 analogio

233 2470 372 2541 quaedam
391 2457 519 2525 similium
537 2471 566 2525 in
585 2471 686 2525 ceteris
702 2470 770 2536 ¹vitis
788 2486 878 2524 rerum
897 2469 967 2524 henc
985 2471 1171 2540 suspicionem
1184 2471 1299 2537 suadet3

233 2575 399 2630 quamquam
432 2563 536 2613 certum
571 2559 727 2614 orationum
757 2559 935 2630 genuincrum
962 2575 1102 2615 numerum
1126 2559 1169 2614 hic
1197 2559 1296 2614 deesse

233 2647 507 2702 animadvertendum
527 2650 585 2712 θοις
612 2661 702 2715 neque
726 2663 794 2701 vero
819 2647 900 2701 deest
917 2651 1030 2716 propter
1049 2646 1202 2701 scribarum
1225 2647 1299 2701 iner-

232 2735 308 2804 tiam,
329 2735 381 2790 sed
399 2736 461 2802 ipsc
481 2735 601 2804 scriptor
619 2751 679 2788 eum
699 2735 798 2803 omisit,
818 2735 842 2788 si
862 2735 972 2803 quidem
982 2734 1105 2804 Photius,
1125 2751 1186 2790 cum
1204 2739 1301 2790 cetcru

233 2827 362 2878 accurate
381 2839 415 2877 ex
432 2823 475 2877 his
494 2823 560 2877 vitis
581 2822 732 2892 describat,
751 2822 817 2878 nihil
836 2824 938 2877 certius
958 2823 1011 2877 hoc
1029 2822 1091 2878 loco
1109 2823 1206 2877 tradit.

305 2912 326 2979 9)
345 2909 563 2982 Ἀαχγμάτιστον
574 2927 654 2966 nemo
665 2926 733 2965 vore
746 2909 921 2966 Andocidem
940 2911 1032 2965 dicere
1049 2911 1141 2980 potuit
1157 2911 1212 2965 nisi
1225 2909 1296 2966 Oue-

233 2999 322 3070 cilins,
342 3000 388 3068 qui
407 3015 463 3054 non
482 2999 671 3069 demonibus,
692 2999 744 3054 sed
761 2998 842 3054 modo
862 2999 897 3054 de
916 2999 1116 3054 sententiarum
1133 2998 1229 3069 figuris
1242 2999 1299 3052 hoc

233 3087 323 3156 accipi
340 3087 445 3154 voluit3
473 3087 567 3156 itaque
586 3087 655 3141 haec
674 3087 797 3142 Caecilio
816 3087 911 3142 deberi
934 3092 1038 3142 certum
1062 3091 1121 3155 est3
1146 3102 1217 3156 quae
1237 3103 1298 3142 cum

233 3176 349 3231 Photius
373 3191 507 3244 perverse
533 3175 735 3245 intellexisset,‘
757 3173 955 3247 οἷσχηματίστῳ
973 3174 1215 3248 σχηματιζόμενος
1243 3175 1297 3231 sibi

234 3263 398 3319 correxisse
409 3263 489 3318 visus
509 3267 572 3330 est;
591 3263 625 3318 de
645 3278 699 3332 qus
717 3263 808 3318 Photii
833 3263 1077 3320 circumscribendi
1096 3263 1297 3320 consuetudine

235 3349 271 3408 cf.
291 3350 417 3408 Sch'a'fer.
436 3351 542 3408 Ztschr.
562 3350 579 3408 f.
600 3351 637 3406 A.
658 3351 811 3422 18481rug.
829 3353 884 3406 254
903 3367 944 3422 sq.

307 3439 338 3506 ¹⁰)
357 3439 402 3493 Ex
421 3439 518 3493 eodem
537 3454 591 3507 quo
610 3438 791 3507 Pseudoplut.
816 3444 929 3494 auctore
949 3440 1053 3494 Suidus
1076 3441 1198 3508 pendere
1221 3439 1299 3494 vidc-

236 3532 281 3582 tur
301 3527 349 3597 qui
368 3543 390 3583 Β.
408 3543 436 3581 v.
454 3530 560 3583 Λυσίας
584 3527 654 3581 haec
672 3527 774 3581 habet:
803 3527 880 3595 λόγοι
907 3527 941 3580 δὲ
968 3525 1052 3580 αὐτοῦ
1078 3529 1204 3596 λέγονται
1227 3526 1301 3582 εἶναι

232 3613 349 3687 γνήσιοι
376 3613 449 3682 onio
476 3613 538 3670 τούς
564 3611 588 3664 τ’
616 3614 709 3682 (immo
733 3611 759 3666 α’
784 3616 957 3670 scribendum
982 3631 1044 3670 cunr
1067 3615 1209 3685 Kustero;
1235 3633 1300 3672 nom

234 3701 485 3770 Pseudoplutarchi
511 3716 651 3756 numerum
682 3718 737 3757 uon
765 3719 830 3758 esse
861 3709 1015 3772 corruptum
1039 3703 1131 3759 Photii
1159 3719 1300 3760 consensu

234 3795 357 3860 constat)
375 3795 422 3843 καὶ
441 3789 527 3862 ἕτεροι
543 3789 612 3860 πρὸς
629 3789 734 3850 τούτοις
753 3788 1000 3865 ἀμφιδοξούμενοι.
1019 3792 1056 3864 τῷ
1075 3791 1108 3845 δὲ
1125 3793 1238 3864 καθαρῷ
1250 3793 1299 3864 τῆς

235 3879 362 3953 φράσεως
380 3877 482 3932 οὐδένα
500 3877 566 3948 ἔσχε
583 3878 713 3950 μιμητὴν
731 3880 803 3950 πλὴν
819 3878 988 3951 Ἰσοκράτους.
1007 3879 1115 3954 ἔγραψε
1132 3881 1165 3934 δὲ
1177 3880 1224 3932 καὶ
1239 3883 1299 3950 τέχ-

234 3987 285 4026 νας
303 3967 448 4040 ῥητορικὰς
464 3965 511 4018 καὶ
530 3967 708 4038 δημηγορίας
729 3965 853 4039 ἐγκώμιά
868 3986 898 4022 τε
915 3969 961 4022 καὶ
986 3967 1146 4036 ἐπιταφίους
1175 3967 1222 4020 καὶ
1241 3965 1300 4020 ἐπι·

235 4057 331 4113 στολὰς
350 4055 383 4122 ζ’,
408 4058 479 4128 μίαν
496 4053 553 4124 μὲν
570 4054 767 4128 αραγματαιὴν
789 4055 837 4112 τὰς
862 4055 895 4108 δὲ
919 4057 1014 4114 λοιπὰς
1038 4057 1178 4126 ἐρωτικὰς,
1207 4052 1246 4110 ὧν
1270 4055 1304 4108 αἱ

233 4145 317 4196 πέντε
334 4143 402 4215 πρὸς
410 4141 557 4218 μειράκια.
577 4173 610 4182 -
630 4144 759 4202 Ceterum
777 4141 811 4199 os.
830 4143 991 4214 epimetrum
1008 4144 1047 4201 11.
1073 4195 1074 4200 ,
