3290 5006
684 409 906 472 ..45-

259 581 359 668 πηγαί
381 582 460 659 τινές
482 581 554 648 εἰσιν
577 580 610 648 αί
632 579 690 666 τῆς
711 576 880 670 ὑψηγορίας
909 578 1118 668 γονιμόταται
1139 619 1181 629 -
1204 579 1324 667 πρῶτον

261 697 315 783 μὲν
336 693 392 762 καὶ
414 693 575 782 κράτιστον
598 690 637 763 τὸ
661 694 745 785 περὶ
766 691 838 774 τάς
858 694 1010 782 νοήσεις
1039 691 1326 783 ἁδρεπήβολον,

259 805 299 889 ὦς
331 808 392 877 κάν
424 819 490 888 τοῖς
521 807 589 896 περί
622 807 811 898 Ξενοφῶντος
844 804 1036 897 ὡρισάμελα,
1070 807 1204 896 δεύτερον
1233 804 1325 876 δὲτὸ

260 919 386 1012 σφοδρὸν
407 923 461 991 καὶ
483 923 725 994 ένλουσιαστικὸν
748 923 873 1003 πάλος
891 964 932 974 -
952 921 975 1012 ἥ
997 949 1032 991 τε
1053 919 1128 992 ποιά
1150 922 1219 991 τῶν
1242 946 1325 1010 σχη·

260 1037 392 1125 μάτων
413 1037 547 1116 πλοίοις
569 1037 671 1126 (δισσὰ
693 1044 728 1108 δέ
748 1064 806 1107 που
827 1038 930 1106 ταῦτα
956 1035 999 1106 τά
1027 1039 1082 1126 μὲν
1103 1037 1243 1125 νοήσεως,
1264 1036 1325 1108 λά·-

260 1179 335 1242 τερα
357 1154 389 1222 δὲ
412 1154 533 1240 λέξεως)
559 1153 609 1221 ἐπί
630 1154 664 1222 δὲ
682 1151 801 1231 τούτοις
822 1148 842 1239 ή
863 1155 1015 1239 γενναία
1037 1151 1178 1242 φράσις,
1193 1145 1232 1239 ἧς
1248 1156 1324 1240 μέρη

260 1267 350 1336 πάλιν
377 1267 534 1355 ὀνομάτων
561 1294 597 1335 τε
624 1265 733 1355 ἐκλογή
760 1263 861 1355 καίή
895 1263 1025 1357 τροπικὴ
1056 1267 1111 1335 καὶ
1139 1270 1325 1354 πεποιημένη

260 1383 347 1463 λέξις
377 1386 505 1471 πέμπτη
538 1384 572 1451 δὲ
603 1387 753 1471 μεγέῖνους
773 1384 868 1450 ἀλτία
893 1382 948 1450 καί
976 1382 1172 1468 συγκλείουσα
1201 1380 1241 1450 τὰ
1269 1378 1326 1469 πρὸ

261 1495 374 1583 ἑαυτῆς
396 1493 530 1580 ἅπαντα,
552 1493 572 1585 ή
596 1501 626 1566 έν
651 1497 805 1585 ἀξιώματι
826 1497 881 1565 καὶ
902 1497 1015 1585 διάρσει
1037 1498 1230 1576 σόνλεσις·
1255 1501 1326 1586 φέρε

261 1608 300 1699 δή
322 1608 366 1677 τὰ
392 1611 628 1699 ἐμπεριεχόμενα
653 1611 725 1683 καῖέ
752 1610 885 1695 ἑκάστην
908 1615 990 1680 ὐδέαν
1016 1611 1133 1680 τοότων
1160 1611 1326 1700 έπιοκεψό

262 1729 356 1811 μελά,
378 1724 520 1793 τοσοῦτον
542 1725 741 1813 προειπόντες,
771 1722 903 1794 ὅτιτῶν
932 1730 1023 1794 πέντε
1044 1727 1154 1814 μορίων
1181 1721 1196 1794 ό
1218 1727 1327 1793 Καικί-

261 1845 323 1917 λιος
344 1837 424 1907 ἔστιν
446 1836 469 1907 οἳ
490 1844 661 1927 παρέλιπεν,
685 1836 727 1920 ὡς
748 1841 803 1908 καὶ
825 1840 861 1908 τό
884 1839 990 1919 πάλος
1012 1839 1126 1929 ἀμέλει.
1162 1847 1191 1908 2.
1213 1837 1274 1907 ἀλλ’
1301 1842 1329 1906 εἰ

262 1954 317 2041 μὲν
341 1949 383 2031 ὦς
404 1955 436 2020 ἕν
458 1979 489 2021 τι
511 1951 589 2023 τοῦτ’
617 1952 722 2043 ἄμφω,
745 1955 780 2022 τό
802 1980 838 2021 τε
859 1952 1004 2044 όψοςκαὶ
1018 1950 1251 2041 τὸπαίιητικὸν,
1273 1955 1327 2021 καί

263 2066 363 2147 ἔδοξεν
390 2067 473 2159 αὐτῷ
495 2069 598 2156 πάντη
622 2069 816 2158 συνυπάρχειν
838 2096 873 2137 τε
898 2069 1038 2158 ἀλλήλοις
1064 2068 1118 2136 καὶ
1139 2071 1327 2157 συμπεφυκέ-

262 2208 321 2264 ναι,
343 2183 548 2271 διαμαρτάνει·
570 2183 704 2271 καὶγὰρ
732 2225 769 2234 -
793 2225 834 2233 -
865 2191 895 2251 4.
930 2187 957 2252 εί
989 2182 1013 2252 δ’
1040 2175 1078 2251 αὖ
1094 2183 1184 2251 πάλιν
1206 2184 1238 2264 ἐξ
1260 2181 1328 2250 όλου

263 2294 307 2386 μή
331 2298 461 2383 ἐνόμισεν
483 2293 498 2364 ό
521 2299 679 2378 Καικίλιος
699 2295 735 2367 τὸ
758 2299 900 2386 έμπαὶιὲς
914 2303 955 2386 ³⁹)
978 2299 1022 2365 τὰ
1043 2295 1108 2387 όψη
1131 2299 1206 2365 ποτὲ
1228 2323 1327 2366 συντε-

141 2473 146 2480 .
263 2418 333 2493 λεῖν,
355 2411 409 2478 καὶ
430 2411 482 2479 διὰ
503 2411 581 2480 τοῦτ’
609 2411 663 2500 οὐχ
684 2408 824 2500 όγήσατο
847 2413 970 2501 μνήμης
992 2411 1084 2496 όίξιον,
1111 2410 1190 2484 πάνυ
1219 2411 1327 2498 διηπά-

264 2553 360 2614 τηται
382 2553 410 2594 κ.
435 2534 513 2594 τ.λ

353 2648 405 2711 Fr.
429 2645 472 2707 45
496 2645 572 2709 ibid.
598 2666 669 2730 cap.
698 2647 875 2729 4ἳιατέρου
904 2644 937 2710 δὲ
967 2635 1008 2710 ὧν
1038 2642 1169 2729 εἴπομεν,
1198 2643 1331 2727 λέγωδὲ
1383 2625 1386 2630 ¹

264 2757 318 2825 τοῦ
341 2755 465 2844 ψυχροῦ,
488 2755 604 2843 πλήρης
626 2753 641 2824 ό
666 2759 805 2843 Τίμαιος,
828 2754 903 2844 ἀνὴρ
926 2753 968 2824 τὰ
991 2758 1045 2845 μὲν
1069 2754 1148 2824 άλλα
1170 2752 1272 2834 ἱκανὸς
1287 2797 1328 2805 -

265 2867 343 2957 πλὴν
366 2869 531 2956 ἀλλοτρίων
554 2871 608 2956 μὲν
631 2870 892 2956 ἐλεγκτικότατος
919 2867 1162 2959 ἁμαρτημάτων,
1186 2869 1327 2938 ἀνεπαίσ-

264 2989 365 3070 ἱιητος
386 2985 419 3052 δὲ
442 2986 532 3065 ἰδίων,
553 2979 611 3051 ὑπὸ
634 2986 667 3052 δὲ
689 2984 800 3072 ἔρωτος
830 2984 883 3052 τοῦ
906 2985 995 3065 ξένας
1023 2985 1137 3073 νοήσεις
1164 2984 1213 3050 ἀεὶ
1241 2995 1330 3052 κινεῖν

265 3096 411 3176 πολλάκις
433 3099 588 3165 ἐκπίπτων
611 3101 654 3178 εἰς
673 3096 709 3166 τὸ
731 3103 1035 3186 παιδαριωδέστατον.
1058 3100 1280 3187 παραλήσομαι
1298 3100 1331 3166 δὲ

265 3207 392 3298 τάνδρὸς
414 3215 445 3279 ἓν
467 3210 489 3298 ή
512 3211 572 3292 δύο,
590 3213 720 3300 ἐπειδὴ
744 3212 791 3280 τὰ
814 3215 928 3282 πλείω
952 3218 1166 3301 προέλαβεν
1197 3210 1211 3282 ό
1238 3220 1329 3281 Και-

265 3328 403 3404 κίλιος.

355 3447 407 3509 Fr.
430 3444 474 3508 46
497 3445 574 3509 ibid.
598 3466 670 3530 cap.
694 3449 733 3510 31
759 3443 861 3528 ταύτῃ
883 3439 995 3510 καὶτὸ
1018 3442 1072 3510 τοῦ
1090 3442 1328 3530 Θεοπόμπου-

266 3552 375 3622 διὰτὸ
398 3554 544 3641 ἀνάλογον
567 3556 668 3644 ἔμοιγε
694 3556 957 3644 σημαντικότατα
986 3559 1064 3645 ἔχειν
1093 3564 1183 3639 δοκεῖ,
1211 3553 1228 3624 ό
1260 3581 1329 3643 περ

268 3661 283 3732 ό
313 3671 523 3749 Καικίλιος
552 3671 618 3739 οὐκ
641 3668 700 3740 οἶδ’
732 3668 837 3751 ὅπως
865 3677 1189 3761 καταμέμφεται
1220 3669 1331 3754 ,δεινός

269 3780 320 3863 όν,
343 3785 441 3870 φησίν,
464 3781 479 3852 ό
502 3788 653 3865 Φιλιππος
676 3787 931 3876 άναγκοφαγήσαι
951 3787 1149 3875 πράγματα“.
1178 3785 1259 3854 ἔστιν
1282 3781 1325 3872 ἄρ’

267 3892 283 3965 ό
307 3896 477 3985 ὐδιωτισμός
499 3903 593 3970 ένίοτε
616 3901 670 3970 τοῦ
693 3903 807 3990 κόσμου
830 3899 915 3990 παρὰ
937 3897 1011 3970 πολὺ
1039 3900 1330 3990 έμφανιστικότερον

267 4041 296 4082 κ.
319 4040 348 4082 τ.
370 4020 396 4081 λ.

340 4185 373 4253 ⁸⁹)
393 4185 510 4241 Videtur
528 4186 675 4256 legendum
694 4200 760 4241 esse
779 4184 820 4242 εἰς
839 4185 873 4238 τὰ
890 4184 950 4256 ὕψη
972 4213 1002 4223 α
1022 4184 1169 4236 συντελεῖν.
