3290 5006
706 360 929 424 „22-

370 534 531 620 Denique
562 535 599 600 in
640 533 745 600 artis
785 533 1026 601 rhetoricae
1070 535 1294 624 scriptoribus·
1327 561 1349 606 a

282 649 494 728 Quintiliano
523 647 596 733 III,
621 651 651 732 1,
677 651 718 714 16
749 656 969 716 enumeratur
995 649 1113 717 rhetor
1145 650 1343 719 Galactinus

283 772 318 832 et
339 765 520 851 aliquoties
551 763 595 830 ab
619 784 660 830 eo
683 763 837 830 affertur.
882 761 959 830 Neo
981 786 1064 832 vero
1093 765 1160 832 hoc
1184 767 1272 833 libro
1295 773 1348 832 to-

281 889 355 948 tum
386 881 468 947 artis
497 879 687 946 rhetoricae
720 900 875 966 campum
904 880 1144 966 perlustravit,
1180 881 1241 948 sed
1273 883 1348 948 sola

282 1001 596 1085 progymnasmata,
620 1014 707 1081 quae
731 994 944 1079 dicebantur,
968 996 1111 1083 scripsit,
1131 997 1180 1061 ita
1198 997 1346 1082 quidem,

278 1116 321 1177 ut
346 1111 391 1177 de
415 1128 623 1196 unaquaque
647 1109 809 1176 orationis
832 1115 946 1196 parte:
976 1109 1018 1176 de
1042 1110 1199 1194 exordio,
1228 1132 1348 1177 nama-

281 1227 386 1309 tione,
410 1225 532 1292 ceteris
556 1225 716 1311 deinceps
735 1223 935 1310 disputaret.
980 1223 1141 1291 Similiter
1159 1225 1345 1313 Dionysius

282 1342 318 1410 in
342 1342 424 1406 artis
448 1359 531 1406 suae
553 1339 664 1426 capite
685 1337 738 1403 X:
761 1337 829 1424 περὶ
851 1342 910 1404 τῶν
933 1339 965 1404 ἐν
987 1341 1131 1424 μελέταις
1151 1343 1346 1426 olenaclas-

278 1456 380 1541 ,μένων
402 1421 483 1520 indd
506 1475 526 1519 a
548 1455 578 1537 fi.
604 1455 644 1518 12
669 1453 712 1518 de
737 1455 805 1536 eis,
837 1454 983 1540 quaein
1006 1455 1197 1540 prooemiis,
1229 1476 1346 1522 narra·

282 1571 447 1653 tionibus,
472 1569 693 1656 argumentis,
717 1569 861 1656 epilogis
884 1574 1081 1656 peccantur,
1105 1570 1274 1636 disseruit.

371 1765 417 1830 Et
440 1771 643 1852 argumenta
666 1765 803 1853 quidem
825 1771 975 1831 tractans
989 1765 1158 1832 Caecilius
1175 1787 1250 1832 cum
1263 1788 1346 1853 qua·

282 1886 361 1946 tuor
385 1885 512 1964 status,
543 1880 585 1946 de
617 1881 741 1966 quibus
772 1879 854 1944 inde
879 1880 921 1946 ab
945 1878 1159 1968 Hermagora
1181 1881 1290 1948 multa
1309 1883 1347 1946 in

283 1995 460 2062 rhetorum
484 1995 599 2079 libris,
629 1995 808 2082 ponendos
839 2015 913 2061 esse
937 1996 1066 2062 diceret
1090 1996 1146 2081 (fr.
1170 1996 1246 2080 49),
1275 2017 1345 2062 me·

285 2111 374 2177 diam
404 2111 576 2198 quandam
605 2110 694 2177 riam
725 2109 876 2174 tenuisse
911 2109 1048 2175 videtur
1079 2111 1169 2176 inter
1198 2110 1342 2198 Apollo-

284 2226 417 2311 dorum,
442 2226 500 2313 qui
513 2225 603 2291 solos
614 2231 684 2290 tres
696 2225 827 2311 priores
839 2225 960 2307 voluit,
984 2231 1017 2290 et
1033 2225 1264 2309 Theodorum,
1288 2225 1347 2312 qui

254 2355 262 2378 ⁰
285 2343 440 2430 quintum
464 2340 613 2407 addidit:
640 2341 704 2422 ,ad
720 2322 871 2426 aliquid“
897 2339 1013 2415 Quint.
1025 2339 1093 2424 III,
1106 2343 1138 2425 6,
1150 2343 1203 2406 30.
1241 2340 1349 2407 Plura

284 2477 365 2524 vero
391 2457 524 2523 dehac
546 2475 584 2522 re
607 2455 786 2522 nescimus.
801 2535 814 2543 Η

376 2653 463 2718 Tum
490 2653 526 2720 in
555 2653 676 2719 eadem
707 2654 787 2720 libri
817 2662 914 2742 parte
938 2654 980 2720 de
1005 2653 1189 2742 apodixeos
1221 2659 1255 2719 et
1278 2653 1348 2740 epi·
1400 2743 1402 2750 Ι

286 2767 486 2836 ehirematis
518 2767 711 2835 differentia
743 2789 919 2857 exponens
950 2770 1013 2854 (fr.
1037 2769 1101 2853 50)
1133 2769 1348 2855 epichirema,

284 2889 323 2949 ut
346 2883 445 2949 Fabii
470 2884 585 2952 verbis
616 2889 714 2968 utar,
743 2883 830 2950 dixit
860 2884 1073 2972 ,perfectam
1100 2884 1347 2970 probationem,

286 3017 374 3084 quae
398 3017 443 3065 ex
466 2999 577 3066 tribus
600 2998 773 3065 minimum
788 2999 946 3087 partibus
965 3001 1136 3084 coustat3⁴²
1162 3019 1244 3083 ergo
1261 2995 1348 3062 nihil

283 3113 374 3180 inter
397 3115 633 3202 syllogismum
656 3121 691 3182 et
714 3115 920 3203 epichirema
948 3115 1110 3198 interest,
1139 3115 1225 3196 ,nisi
1256 3113 1347 3200 quod

284 3228 347 3312 (ci.
363 3226 487 3317 ¹Quint.
511 3225 556 3313 V,
581 3231 634 3312 14,
659 3231 715 3314 14)
737 3230 790 3295 illi
813 3235 847 3295 et
868 3230 986 3317 plures
1009 3229 1139 3296 habent
1162 3227 1290 3314 species
1314 3232 1348 3291 et

284 3362 368 3410 vera
399 3342 569 3428 colligunt
597 3343 703 3426 veris,
738 3343 987 3431 epichirematis
1017 3343 1229 3428 frequentior
1259 3341 1350 3406 circa

285 3457 465 3524 credibilia
483 3462 607 3543 usus;“
631 3458 691 3524 ille
707 3459 813 3545 igitur
827 3457 1049 3545 philosophis,
1070 3457 1137 3522 hoc
1151 3454 1348 3521 rhetoribus

284 3573 394 3658 magis
419 3572 591 3638 convenit.
637 3571 759 3659 Itaque
784 3573 945 3660 apodixin
977 3573 1005 3637 si
1028 3571 1196 3638 Caecilius
1225 3571 1349 3655 imper·

285 3687 415 3754 fectum
439 3685 645 3773 epichirema
675 3707 751 3753 esse
775 3688 878 3771 dixit,
910 3706 984 3752 eam
1005 3687 1117 3751 minus
1138 3684 1248 3749 tribus
1271 3701 1347 3768 par·

284 3800 390 3884 tibus,
415 3795 577 3884 fortasse,
595 3806 634 3866 ut
649 3800 878 3888 euthymema,
899 3807 1031 3866 tantum
1048 3820 1067 3867 e
1083 3798 1255 3866 sententia
1271 3817 1349 3862 cam

284 3913 418 3981 ratione
442 3919 601 3981 constare
623 3914 751 4001 voluit3
773 3916 860 3982 haec
881 3915 988 4002 igitur
1011 3920 1045 3980 et
1066 3914 1140 4000 ipsa
1161 3912 1349 3993 rhetorum,

178 4061 180 4066 ·
285 4048 355 4095 non
395 4027 675 4116 pbilosophorum
706 4035 768 4094 est.
812 4027 887 4096 Iam
913 4048 994 4094 vero
1025 4047 1103 4094 eum
1132 4024 1350 4112 enthymema
