3290 5006
711 390 930 454 ..30-

292 558 451 651 ἡττῇσλσι
471 565 601 648 λέγεται.
624 560 732 631 ἔστιδ
761 561 853 631 αὐτοῦ
875 562 930 630 καί
952 557 968 630 ὁ
989 558 1063 650 ὑπὲρ
1088 562 1144 632 τοῦ
1162 563 1362 652 ψηφίσματος

291 673 311 744 δ’
331 667 489 766 ἐγράψατο
507 675 646 764 Ἀρχῖνος
666 675 725 765 τὴν
746 678 899 745 πολιτείαν
922 674 1016 745 αὐτοῦ
1042 676 1191 765 περιελὼν,
1213 673 1364 745 καὶκατὰ

295 790 358 859 τῶν
379 791 546 880 τριάκοντα
567 792 676 879 ἔτερος.
699 794 817 878 ἐγίνετο
840 793 873 860 δὲ
895 791 1115 871 πιῗιανάτατος
1137 791 1192 859 καί
1214 791 1364 880 βραχύτα-

293 928 348 984 τος
368 915 433 985 τοῖς
454 905 588 985 ἰδιώταις
609 902 682 986 τοὺς
703 903 830 987 πολλοὺς
839 906 945 994 λόγους
967 906 1080 987 ἐκδούς.
1105 905 1194 978 abii
1210 905 1367 997 αὐτῷκαὶ

294 1021 400 1105 τέχναι
421 1019 579 1109 ῥητορικαὶ
599 1025 800 1109 πεποιημέναι
822 1022 877 1091 καί
909 1023 1109 1110 δημηγορίαι,
1143 1022 1299 1092 ἐπιστολαί
1329 1045 1366 1088 τε

295 1133 349 1201 καί
370 1135 507 1222 ἐγκώμια
529 1135 584 1203 καὶ
605 1136 759 1221 ἐπιτάφιοι
780 1136 834 1205 καί
856 1137 993 1225 ἰριυτικοὶ
1014 1137 1069 1206 καὶ
1081 1139 1268 1226 Σωκράτους
1289 1135 1368 1205 άπο.

294 1249 383 1333 λογία
403 1250 610 1339 ἐστοχασμένη
642 1251 704 1320 τῶν
733 1251 893 1321 δικαστῶν.
923 1258 1006 1321 δοκεῖ
1036 1254 1069 1322 δὲ
1101 1249 1187 1322 κατὰ
1208 1249 1269 1342 τὴν
1290 1253 1368 1335 λέξιν

294 1359 419 1442 εὔκολος
438 1359 514 1432 εἰναι
534 1368 723 1455 δυσμίμητος
744 1365 794 1436 ὄν.

385 1484 437 1548 Fr.
462 1484 493 1548 9.
517 1484 608 1550 Pbot.
633 1487 693 1553 eod
728 1488 792 1552 262
815 1508 846 1571 p.
870 1488 936 1553 489
960 1489 992 1553 b.
1028 1483 1188 1563 Καικίλιος
1216 1484 1250 1552 δὲ
1271 1478 1369 1570 ἁμαρ-

300 1589 386 1659 τάνει
414 1587 561 1681 εὑρετικὸν
588 1598 643 1684 μὲν
672 1594 725 1665 τὸν
755 1595 851 1686 ἄνδρα
880 1600 970 1685 (soil.
1005 1599 1133 1686 Λυσίαν)
1161 1596 1243 1686 εἰπερ
1280 1593 1370 1664 άλλον

302 1705 373 1773 τινὰ
401 1710 622 1797 συνομολογῶν,
650 1712 843 1800 οἰκονομῆσαι
868 1714 902 1781 δὲ
931 1709 974 1780 τά
1003 1708 1167 1800 εὑρεῖιέντα
1197 1711 1252 1798 οὐχ
1276 1708 1372 1789 οὕτως

299 1816 412 1890 ἰκανὸν·
434 1822 489 1892 καί
509 1821 568 1916 γάρ
592 1824 651 1894 κάν
675 1827 774 1917 τούτῳ
797 1826 841 1919 τῷ
865 1830 946 1916 μέρει
977 1826 1036 1915 τῆς
1067 1825 1179 1915 ἀρετης
1208 1825 1372 1913 τοῦλόγου

303 1932 420 2017 οὐδενὸς
444 1933 554 2027 ὁρᾶται
580 1943 768 2032 φαυλότερος.
1371 1957 1373 1962 ’

386 2057 438 2124 Fr.
463 2059 497 2124 9¹
520 2062 671 2128 Hermiae
696 2063 739 2128 ad
763 2062 845 2128 Plat.
869 2063 1010 2129 Pbaedr.
1043 2084 1074 2146 p.
1101 2062 1163 2126 188
1194 2061 1264 2125 Ast.
1297 2051 1372 2126 ibeo

300 2164 361 2238 ἀπὸ
384 2169 438 2237 τοῦ
459 2168 627 2252 Πλάτωνος
647 2173 792 2266 λαβόντες
813 2174 845 2241 οἰ
862 2173 1034 2262 κριτικοί
1048 2176 1088 2257 ¹¹)
1118 2195 1193 2261 φασι
1214 2169 1282 2259 περὶ
1311 2176 1368 2238 Ao

304 2286 369 2354 σίου
390 2281 438 2354 ὅτι
459 2288 573 2356 τίκτειν
594 2287 721 2367 δυνατὸς
742 2291 869 2374 ἐγένετο,
892 2288 987 2370 τάξαι
1016 2289 1049 2357 δὲ
1079 2284 1113 2356 oi
1139 2282 1190 2355 διὰ
1223 2284 1263 2354 τά
1291 2281 1368 2372 εἰρε-

305 2398 389 2470 τικίν
410 2399 502 2470 αὐτοῦ
524 2400 578 2469 καὶ
601 2399 737 2470 άτακτον
759 2402 813 2469 τοῦ
835 2402 931 2489 λόγου.

695 2610 746 2677 iv.
770 2613 811 2678 be
834 2612 980 2679 isoeraie.

393 2753 447 2818 Fr.
473 2753 524 2817 10.
548 2751 611 2816 Vit.
636 2753 667 2818 X
690 2773 752 2820 orr.
778 2754 842 2818 838
872 2755 912 2818 D.
941 2751 1083 2838 φέρονται
1110 2746 1133 2815 δ’
1170 2743 1262 2814 αὐτοῦ
1289 2742 1371 2828 λόγοι

308 2865 458 2952 ἰξήκοντα
487 2855 528 2931 ὧν
553 2864 609 2932 εἰσι
645 2863 759 2950 γνήσιοι
792 2861 877 2932 κατὰ
914 2863 969 2950 μὲν
1006 2860 1151 2930 Διονύσιον
1180 2861 1370 2939 εἰκοσιπέντε,

308 2979 393 3049 κατὰ
414 2981 447 3048 δὲ
468 2979 624 3048 Καικίλιον
646 2978 832 3060 εἰκοσιοκτώ,
854 2979 881 3046 οἰ
903 2977 925 3046 δ’
958 2973 1045 3045 άλλοι
1071 2976 1316 3064 κατεψευσμένοι
1329 2975 1367 3047 ¹²)

379 3189 411 3256 ¹¹)
430 3189 581 3245 Caecilium
598 3188 641 3242 bis
661 3187 757 3243 verbis
777 3185 928 3257 significari
956 3185 1010 3239 iam
1033 3183 1198 3254 SpengeIios
1219 3197 1277 3234 συν.
1298 3198 1370 3250 σεχν.

307 3293 375 3350 pag.
398 3280 447 3334 130
464 3277 648 3347 probabiliter
665 3275 791 3331 coniecit.

380 3364 412 3433 ¹¹)
430 3366 465 3420 In
482 3364 613 3436 anonymi
632 3364 766 3419 isocratis
784 3362 852 3431 vita,
871 3361 918 3417 ubi
935 3360 1090 3430 spuriarum
1107 3357 1261 3412 orationum
1272 3353 1372 3426 viginti

309 3454 430 3524 quinque
447 3459 647 3521 enumerantur,
667 3451 713 3519 (oi.
733 3452 838 3520 Saupp.
855 3467 909 3506 orr.
929 3448 991 3504 Att.
1004 3448 1033 3504 11
1046 3462 1103 3517 pag
1115 3446 1159 3515 5⁶,
1177 3444 1294 3512 25-37)
1312 3458 1372 3498 oum

311 3543 417 3612 aliquot
442 3540 610 3596 iudicialium
627 3540 701 3594 tituli
718 3539 858 3593 excidisse
876 3537 1034 3604 videantur,
1054 3535 1176 3590 fortasse
1193 3533 1252 3588 fieri
1270 3535 1372 3601 potest,

310 3635 342 3686 ui
358 3630 406 3685 ille
423 3645 551 3685 numerus
580 3633 628 3684 aut
652 3628 689 3682 ad
706 3626 871 3698 Dionysium
895 3629 944 3681 aut
969 3624 1006 3679 ad
1025 3623 1173 3678 Caecilium
1199 3618 1371 3675 revocandus

312 3719 361 3788 sit;
380 3719 443 3788 aed,
468 3722 499 3773 ut
516 3733 561 3774 res
581 3721 626 3772 esi
643 3719 817 3786 comparata,
845 3718 906 3768 uter
924 3711 963 3768 ibi
986 3716 1084 3766 auotor
1102 3708 1242 3764 adbibitus
1262 3707 1308 3777 sit,
1333 3705 1372 3760 ‹ii-

312 3809 434 3864 iudioare
458 3824 513 3863 oon
531 3820 689 3878 possumus.
728 3803 786 3860 Sed
804 3801 906 3859 suidas
934 3806 964 3856 et
982 3799 1122 3868 Eudooia,
1151 3813 1216 3868 pag.
1235 3797 1301 3865 247,
1326 3793 1372 3863 qui

308 3899 426 3969 triginta
445 3898 514 3952 duas
533 3895 673 3952 orationes
693 3891 828 3965 genuinas
846 3890 936 3948 foisse
948 3890 1073 3959 tradunt,
1092 3888 1129 3944 ad
1142 3886 1300 3954 Caecilium,
1319 3882 1373 3939 nisi

313 3985 405 4056 fallor,
431 3983 566 4041 referendi
584 3987 662 4048 sunt,
687 3997 767 4054 quem
789 3977 906 4035 totidem
925 3978 1047 4034 Isocrati
1073 3975 1230 4046 abrogasse
1255 3985 1373 4028 neeesse

313 4079 370 4143 est)
395 4070 476 4128 iaoiie
504 4071 576 4127 enim
605 4068 698 4125 soriba
725 4069 826 4124 leviter
853 4066 1007 4123 Gaeoiliom
1043 4065 1153 4119 intuens
1190 4059 1373 4132 geminarum

311 4163 523 4234 spatiorumque
540 4174 681 4215 numerum
698 4161 865 4214 eommutase
882 4154 982 4224 potuit„
