3290 5006
730 348 949 412 ..14-

314 525 371 610 (ir.
395 525 462 609 24).
508 523 597 590 Nam
623 530 662 590 ut
693 523 793 589 simul
815 523 939 610 Lysiae
968 530 1098 590 tantam
1123 523 1268 612 perfecti
1301 544 1372 590 ser·

311 641 419 705 monis
442 646 584 726 partem,
608 639 717 727 qualis
736 638 895 724 οἰκονομία
913 645 975 722 est,
1000 639 1210 706 abiudicaret
1229 659 1371 726 eamque

310 754 612 840 reprehensionem
647 777 668 820 a
697 754 859 838 Platone,
891 774 994 841 quem
1029 756 1141 840 ipsum
1176 755 1373 842 vituperare

313 870 454 953 studuit,
481 875 709 952 mutuaretur,
732 870 828 936 nullo
852 869 951 936 modo
976 869 1050 935 fieri
1072 869 1192 957 potuit.
1237 867 1374 959 Itaque,

313 1006 401 1073 quae
421 984 624 1073 Spengelius
649 1004 786 1073 quoque
809 1005 868 1052 ουυ.
892 1007 972 1070 τεχυ.
996 987 1058 1082 123
1079 990 1148 1051 not.
1172 988 1215 1051 60
1233 1007 1270 1052 rs
1294 1006 1375 1052 con·

244 1164 257 1195 ι
312 1100 455 1187 iungere
471 1120 539 1165 non
558 1121 659 1186 posse
676 1098 865 1186 profitetur,
880 1101 928 1165 ita
945 1101 1027 1165 mihi
1042 1101 1232 1186 explicasse
1244 1101 1375 1186 uideor,

313 1222 351 1282 ut
377 1216 440 1282 illa
463 1213 690 1300 συγγράμματα
712 1214 991 1302 Pseudolongino
1021 1217 1126 1282 allata
1158 1237 1179 1282 a
1209 1217 1297 1284 libro
1330 1217 1373 1284 dc

314 1331 432 1398 decem
449 1330 638 1396 oratoribus
660 1329 794 1396 diversa
811 1331 918 1398 fuisse
936 1337 1094 1398 statuam.
1140 1331 1182 1397 Id
1200 1333 1288 1399 enim
1309 1334 1377 1399 iam

314 1446 450 1512 titulus:
473 1446 592 1522 ἐντοῖς
618 1441 707 1530 ὑπὲρ
730 1446 841 1512 Λυσίου
865 1467 964 1533 συγγρ.
991 1449 1186 1514 accuratius
1210 1449 1374 1514 intuenti-

313 1561 378 1628 bus
409 1561 555 1626 suadere
586 1560 705 1646 potuit.
753 1560 883 1644 Quare,
916 1583 1019 1650 quem
1055 1564 1100 1629 ad
1135 1563 1273 1652 modum
1307 1563 1375 1630 De-

314 1676 500 1742 mosthenis
541 1682 574 1740 et
609 1675 797 1758 Ciceronis,
835 1676 1075 1744 Demosthenis
1122 1686 1155 1744 et
1193 1677 1373 1745 Aeschinis

313 1793 600 1878 comparationem
617 1790 771 1857 ediderat
790 1790 972 1877 Caecilius,
994 1795 1043 1859 ita
1059 1794 1121 1860 hos
1136 1816 1271 1882 quoque
1285 1816 1373 1860 com·

314 1909 497 1973 mentarios
515 1905 667 1993 σύγκρισιν
683 1903 851 1984 Πλάτωνος
869 1906 924 1974 καὶ
940 1909 1052 1975 Λυσίου
1070 1909 1251 1996 inscriptos
1267 1909 1375 1975 fuisse

314 2023 514 2108 putaverim.

405 2137 505 2213 Quod
536 2144 648 2206 autem
677 2137 788 2222 ipsum
817 2137 905 2202 illud
936 2139 1099 2206 iudicium
1130 2141 1268 2223 attinet,
1308 2161 1377 2206 non

311 2253 437 2338 primus
469 2253 533 2318 fuit
562 2253 680 2317 rhetor
711 2250 923 2335 Ualentinus,
961 2256 1020 2341 qui
1048 2255 1133 2322 talia
1163 2256 1201 2321 in
1228 2255 1376 2334 Platone

313 2369 538 2454 vituperaret3
574 2388 652 2432 narn
674 2367 777 2453 plane
801 2367 920 2433 eadem
945 2369 1075 2436 famosa
1098 2371 1160 2436 illa
1181 2371 1375 2457 philosophi

311 2483 532 2568 reprehensio
549 2482 675 2567 legitur
694 2480 785 2566 apud
800 2481 1004 2568 Dionysium
1031 2485 1143 2569 (Dem.
1165 2487 1216 2552 uis
1238 2507 1311 2573 cap.
1333 2487 1376 2550 23

314 2602 409 2664 -29
433 2605 467 2664 et
492 2604 613 2683 postea
641 2597 750 2682 Epist.
780 2597 823 2661 ad
847 2596 908 2663 On.
931 2599 1048 2684 Pomp.
1072 2621 1144 2686 cap.
1170 2604 1199 2665 1.
1225 2601 1283 2685 2.),
1316 2601 1377 2667 ubi

310 2712 494 2800 παχύτητα,
524 2734 650 2778 vanum
678 2713 844 2778 tumorem
868 2720 901 2780 et
926 2715 1110 2781 verborum
1133 2716 1378 2782 translatorum

315 2830 460 2896 abusum
483 2829 514 2893 ei
536 2828 690 2913 imputat,
714 2847 783 2891 non
805 2829 1107 2918 ubiquaqudem,
1130 2831 1192 2896 sed
1215 2830 1251 2895 in
1275 2831 1377 2896 certis

310 2945 435 3010 saltem
457 2943 659 3029 scriptorum
681 2943 847 3029 partibus.
894 2943 1018 3032 Neque
1043 2945 1141 3012 aliter
1163 2947 1269 3031 igitur
1293 2944 1377 3012 an-

311 3061 412 3126 cilius
438 3060 577 3124 Platoni
603 3058 742 3146 Lysiam
774 3059 929 3144 opposuit
964 3081 1009 3126 ex
1042 3068 1189 3150 utroque
1218 3057 1394 3146 exempla

219 3223 221 3234 .
315 3176 481 3258 afferens,
512 3194 656 3261 quorum
680 3195 786 3239 unum
815 3174 981 3261 Psdlong.
1010 3175 1071 3260 (fr.
1096 3176 1160 3260 24)
1186 3175 1377 3262 descripsit.

313 3289 359 3355 Et
380 3291 415 3354 in
440 3308 480 3355 ea
500 3289 671 3354 sententia
695 3288 899 3374 explicanda
923 3290 1006 3356 satis
1025 3289 1248 3356 vehementer
1268 3291 1378 3375 egisse

316 3404 468 3489 videtur;
491 3425 570 3468 nam
593 3405 656 3469 etsi
680 3405 895 3470 concedimus
921 3411 1098 3471 auctorem
1121 3406 1199 3471 libri
1221 3403 1290 3490 περὶ
1311 3402 1377 3491 duta,

314 3518 468 3584 Platonis
492 3523 712 3601 sectatorem,
740 3519 777 3584 in
805 3519 895 3585 idem
918 3520 1043 3586 nimiae
1067 3520 1304 3587 vehementiae
1328 3519 1378 3585 vi·

313 3635 398 3701 tium
418 3633 570 3700 incidere
595 3672 636 3682 —
659 3654 772 3721 neque
796 3635 885 3698 enim
908 3635 1068 3720 probarit
1093 3656 1206 3723 neque
1228 3635 1379 3721 probare

311 3749 481 3838 potuisset
510 3748 649 3836 Lysiam
676 3749 810 3834 saepius
837 3769 984 3834 peccare
1013 3756 1133 3816 contra
1165 3750 1240 3837 puri
1272 3748 1379 3815 Attici

312 3865 476 3930 sermonis
506 3865 711 3950 elegantiam
742 3901 783 3912 -
811 3870 926 3932 tamen
956 3864 1046 3930 illud
1077 3871 1160 3948 stat,
1190 3865 1377 3933 Caecilium

314 3979 453 4067 Lysiam
487 3979 633 4046 Platone
673 3980 775 4067 longe
815 3981 1029 4066 superiorem
1062 3979 1244 4047 iudicasse.
1304 3978 1378 4044 Iam

311 4101 432 4162 nostra
461 4095 598 4183 quidem
621 4101 733 4162 aetate
763 4096 914 4184 quamvis
939 4115 1037 4162 nemo
1062 4094 1216 4162 Platonis
1245 4095 1377 4181 magni·
