3290 5006
270 105 383 511 λ

260 565 344 631 toris
376 563 490 632 libro?
544 564 632 632 Tum
666 584 749 634 vero
778 563 869 652 quod
896 562 1082 632 (laeoilium
1111 561 1154 630 de
1181 581 1325 650 vpraeoe-

260 679 415 767 ptoribus
439 681 499 768 qui
518 686 624 747 artem
643 679 828 746 tradebant
844 679 1057 746 eouieoturas
1079 678 1264 764 protulisse
1288 681 1323 742 et

262 795 448 882 praeeipue
472 795 515 862 de
537 795 666 882 figuris,
688 801 727 861 ut
746 816 767 861 a
783 795 897 882 primis
919 795 1001 861 inde
1023 813 1133 882 usque
1151 793 1194 859 ad
1208 797 1322 879 poste·

260 910 353 976 riora
383 917 535 999 tempora
562 917 730 977 tractatae
760 917 886 995 essent,
914 915 1073 977 aoourate
1103 908 1322 996 inquisivisse

260 1025 427 1110 vidimus,
458 1026 559 1092 etiam
586 1023 622 1092 id
649 1027 708 1093 vel
728 1027 874 1094 maxims
896 1025 1088 1094 sententiae
1110 1031 1248 1092 nostras
1271 1025 1323 1090 la·

259 1160 342 1208 vere
365 1141 514 1207 videtur.

350 1255 445 1331 Quae
469 1257 498 1322 si
520 1262 614 1324 reate
638 1256 897 1342 disputavimus,
919 1255 1008 1324 liber
1038 1255 1082 1322 de
1105 1254 1224 1322 deoem
1247 1273 1323 1320 ora·

259 1371 392 1450 toribus
421 1371 579 1455 historia,
609 1392 710 1460 quam
741 1371 902 1455 dicimus,
938 1370 1155 1459 eloquentiae
1187 1368 1324 1436 Attioae

263 1486 350 1573 iuit3
380 1506 450 1552 nou
480 1493 594 1553 autem
623 1487 770 1553 omnium
799 1493 970 1552 oratorum
997 1485 1235 1574 eloquentiae,
1261 1483 1324 1550 sed

261 1620 379 1668 eorum
405 1607 539 1668 tantum
563 1602 621 1689 qui
646 1608 680 1668 et
703 1603 874 1668 orationes
897 1602 1037 1690 seriptas
1061 1601 1273 1688 reliquerant
1289 1604 1324 1664 et

169 1711 171 1714 ’
259 1722 332 1782 tum
362 1716 524 1804 temporis
553 1697 668 1803 magni
690 1717 781 1783 inter
807 1717 962 1783 rhetores
987 1716 1217 1782 habebantur.
1261 1713 1323 1780 ut-

261 1833 352 1898 enim
374 1852 444 1897 non
466 1833 531 1898 nisi
554 1832 618 1898 hao
643 1832 686 1900 do
709 1853 813 1899 eausa
835 1831 1018 1918 Dionysius
1044 1851 1179 1919 quoque
1203 1851 1240 1896 se
1262 1830 1323 1895 Di·

263 1947 428 2013 narchum
455 1948 671 2013 tractandum
698 1948 763 2014 sibi
793 1948 1011 2034 proposuisse
1040 1946 1221 2032 profitetur
1247 1945 1323 2010 init.

259 2083 339 2149 pag.
367 2065 449 2128 629:
481 2059 554 2146 ὀρῶν
585 2060 618 2128 δὲ
653 2060 708 2128 καὶ
737 2064 845 2128 τοῦτον
876 2060 929 2128 τὸν
960 2059 1058 2148 ἄνδρα
1087 2059 1172 2148 παρὰ
1200 2065 1325 2138 πολλοῖς

260 2174 426 2262 νζξιωμένον
458 2174 608 2262 ὀνόματος
635 2174 684 2243 ἐπὶ
714 2174 865 2264 δεινότητι
891 2175 988 2261 λόγων
1015 2175 1070 2242 καί
1096 2174 1323 2243 ἀπολελοιπότα

261 2291 424 2378 δημοσίους
460 2315 496 2357 τε
530 2289 585 2357 καὶ
626 2291 718 2368 diluo<
754 2289 862 2376 λόγους
900 2279 970 2357 &tra
1008 2288 1126 2376 ὀλίγους
1163 2289 1234 2358 οὕτε
1272 2287 1324 2357 ed·

260 2404 511 2493 καταφρονήτους
532 2402 699 2494 ἡγησάμην
726 2409 787 2473 δεῖν
818 2403 862 2493 μὴ
892 2410 1074 2493 παραλιπεῖν
1105 2404 1207 2473 αὐτόν.
1252 2405 1322 2472 Ita·

260 2543 327 2609 que
344 2521 472 2588 aneili
488 2523 664 2609 negotium
687 2529 773 2589 erat:
800 2527 835 2589 et
858 2529 988 2589 oertum
1011 2522 1183 2610 quendam
1205 2541 1324 2588 uume-

259 2657 335 2703 rum
358 2657 476 2703 eorum
499 2638 557 2725 qui
578 2638 647 2703 iam
668 2637 789 2703 summi
811 2636 1031 2704 habebantur
1053 2639 1261 2704 constituere
1288 2641 1322 2702 et

258 2751 432 2835 iuditium,
451 2753 543 2839 quod
560 2753 665 2839 vulgo
685 2753 728 2818 de
746 2753 793 2818 eis
810 2739 999 2835 ferebatur,
1019 2753 1099 2819 dum
1118 2755 1253 2839 singula
1268 2753 1322 2816 in·

259 2868 419 2954 quireret,
431 2869 622 2934 aoouratius
637 2867 788 2933 delinire.
824 2865 899 2941 Quo
911 2888 1054 2934 munere
1067 2890 1169 2955 quam
1182 2867 1321 2954 egregie
1446 2901 1459 2915 =

258 2987 336 3069 post
359 2981 561 3070 Dionysium
584 2985 723 3050 lunotus
751 2983 810 3066 sit,
837 3002 907 3049 nou
930 2988 995 3066 est,
1017 3004 1079 3049 eur
1101 2984 1227 3050 iterum
1248 3002 1319 3048 mo-

261 3115 412 3163 neamus.

348 3469 510 3558 Sequitur
526 3469 616 3536 liber
637 3471 679 3537 de
696 3469 867 3537 Platone
886 3475 923 3537 et
940 3469 1077 3556 Lysia.
1122 3471 1208 3538 Cum
1232 3472 1321 3538 enim

258 3583 301 3652 de
332 3585 451 3652 decem
481 3585 673 3652 oratoribus
698 3587 872 3672 disputans
902 3585 1070 3652 anoilius
1099 3585 1238 3672 Lysiam
1265 3605 1320 3652 re·

257 3699 323 3765 bus
346 3701 561 3767 inveniendis
594 3701 730 3788 quidem
765 3707 881 3786 aptum
914 3702 977 3767 sed
1005 3702 1235 3788 disponendis·
1258 3701 1319 3766 im·

256 3835 375 3901 parem
394 3815 547 3899 dixisset,
569 3816 671 3902 plane
688 3817 808 3881 mirum
824 3816 973 3900 videtur,
997 3817 1100 3905 quod,
1123 3818 1151 3881 si
1166 3816 1321 3881 Pseudo·

254 3929 431 4016 longinum
448 3954 479 3997 π.
496 3927 548 4018 ὕψ.
571 3931 738 4015 audimus,
755 3931 893 4017 Lysiam
908 3933 1015 4018 magis
1036 3952 1136 4018 quam
1152 3951 1189 3996 se
1208 3931 1319 4016 ipsum

257 4043 416 4131 diligens,
438 4045 592 4111 Platonis
607 4067 688 4113 vero
701 4046 996 4114 vehementissimo
1016 4046 1093 4110 odio
1112 4052 1206 4112 aetus
1225 4046 1317 4110 hune

257 4159 419 4227 acerrime
443 4161 660 4247 vituperavit,
682 4162 780 4228 illum
803 4160 846 4227 ad
862 4161 997 4227 eoelum
1014 4161 1174 4227 laudibus
1194 4161 1318 4228 extulit
