3290 5006
721 407 941 470 ..42-

389 585 442 650 Fr.
467 584 524 649 37·
546 584 619 651 Tib.
642 605 717 668 pag.
742 583 807 647 554
829 575 886 666 τὴν
909 581 1011 666 μέντοι
1033 577 1221 667 ἐπανάληψιν
1243 583 1365 645 παλιλ·

298 694 423 780 λογίαν
454 695 611 773 Καικίλιος
642 693 790 782 ὀνομάζει
818 688 878 761 οἷον
909 688 1029 781 μιαρὸν,
1059 691 1165 781 μιαρὸν
1191 693 1226 761 τὸ
1258 694 1367 780 Ξηρίον

300 815 393 880 Dem.
419 815 555 897 Aristog.
581 814 606 897 Ι,
629 813 659 896 §.
672 814 715 878 58
738 807 793 875 καὶ
814 805 950 895 πονηρὸν,
972 805 1104 896 πονηρὸν
1126 802 1142 876 ὃ
1164 807 1367 896 συκοφάντης,

300 925 354 993 καὶ
382 917 406 992 ὦ
434 929 537 1008 τέκνα,
563 927 658 992 τέκνα
686 927 784 1012 Seph.
808 925 887 993 Oed.
916 927 983 992 001.
1018 927 1103 991 1457
1133 920 1187 989 καὶ
1214 913 1237 989 ὦ
1264 921 1367 1009 γάμοι,

300 1041 396 1126 γάμοι
417 1042 461 1108 id.
485 1043 564 1109 Oed.
588 1044 625 1110 R.
652 1043 748 1108 1403.

390 1185 443 1251 Fr.
468 1173 524 1251 371
546 1184 733 1251 Alexander
761 1205 836 1268 pag.
863 1185 929 1250 463
957 1179 1047 1249 τοῦτο
1077 1179 1112 1248 τὸ
1140 1179 1248 1268 σχῆμα
1275 1176 1290 1248 ὃ
1313 1181 1367 1268 μὲν

301 1298 460 1376 Καικίλιος
489 1305 500 1354 ί
504 1300 596 1366 codd.
619 1299 785 1384 Καρκῖνος)
809 1297 1002 1382 παλιλλογίαν
1025 1301 1120 1375 καλεῖ,
1148 1295 1218 1363 ἔνιοι
1238 1295 1272 1382 δὲ
1295 1293 1367 1362 ἀνα-

301 1412 451 1494 δίπλωσιν,
473 1411 502 1479 οί
522 1411 555 1479 δὲ
577 1409 776 1500 ἐπανάληψιν,
799 1413 939 1500 φαίνεται
961 1412 994 1480 δὲ
1014 1407 1069 1479 ὁτὲ
1091 1413 1146 1499 μὲν
1169 1412 1255 1499 ῥῆμα
1276 1414 1365 1478 ἐπαλ-

301 1525 400 1612 λήλως
420 1509 600 1596 ἐντιῖιέντων
622 1521 719 1613 ἡμῶν,
742 1520 785 1604 ὦς
806 1525 868 1611 ἔχει
890 1521 925 1594 τὸ
951 1526 1097 1595 τοιοῦτον·
1122 1525 1235 1615 μιαρὸν,
1260 1522 1366 1614 μιαρὸν

301 1641 409 1728 ληρίον
431 1631 455 1706 ὦ
476 1637 581 1729 ἄνδρες
597 1639 768 1728 Ἀἱιηναῖοι
790 1640 845 1708 καὶ
867 1641 965 1708 πάλιν.
979 1647 1019 1729 ³⁵)
1044 1682 1085 1691 —

391 1787 445 1851 Fr.
462 1788 519 1850 38·
531 1787 602 1851 Tib.
618 1806 690 1870 pag.
706 1787 771 1851 563
794 1784 1015 1871 συνωνυμίαν
1040 1781 1189 1870 ὀνομάζει·
1202 1781 1238 1850 τὸ
1261 1782 1369 1869 σχῆμα

304 1898 388 1986 (soil.
411 1892 609 1985 πλεονασμὸν)
632 1897 799 1980 Καικίλιος,
820 1895 895 1965 ὅταν
917 1894 1002 1965 κατὰ
1017 1897 1071 1965 τοῦ
1084 1896 1176 1966 αὐτοῦ
1188 1899 1369 1985 πράγματος

304 2009 326 2099 ἦ
349 2006 405 2100 (ὦς
427 2015 579 2100 Finekh.)
602 2007 688 2080 κατὰ
711 2011 764 2079 τοῦ
794 2016 986 2099 προκειμένου
1013 2012 1066 2080 δύο
1094 2011 1189 2092 λέξεις
1209 2011 1367 2098 γενηὶιῶσι·

303 2125 393 2194 τοῦτο
421 2127 454 2194 δὲ
480 2122 665 2213 πλεονασμὸν
694 2125 835 2214 ὀνομάζει
860 2125 1000 2214 Ἀψίνης,
1028 2126 1119 2208 ,τότε
1141 2123 1179 2213 δὴ
1207 2122 1368 2194 καὶκατὰ

304 2236 357 2308 τὸν
379 2238 481 2328 καιρὸν
503 2243 614 2309 ἐκεῖνον
635 2248 661 2306 “.
685 2244 817 2334 ἳνάτερον
839 2236 898 2328 γάρ
921 2241 1037 2309 τούτων
1061 2243 1152 2308 εἰπεῖν
1175 2243 1301 2329 ἐξήρκει

393 2386 446 2452 Fr.
474 2385 530 2451 38¹³
559 2384 649 2452 Alex.
677 2407 753 2469 pag.
782 2386 847 2450 465
878 2382 1086 2468 συνωνυμία
1115 2385 1150 2450 δέ
1177 2385 1268 2462 ἐστιν,
1294 2379 1369 2449 ὅταν

305 2495 351 2586 τῷ
370 2495 544 2583 χαρακτῆρι
564 2495 715 2584 διαφόροις
737 2494 869 2583 ὂνόμασι,
890 2495 932 2582 τῇ
957 2494 1081 2582 δυνάμει
1102 2497 1136 2564 δὲ
1159 2493 1194 2564 τὸ
1221 2492 1296 2564 αὐτὸ
1318 2501 1370 2582 δη·

305 2611 387 2680 λοῦσι
408 2609 559 2698 γράμεῖνα
579 2611 718 2692 πλείοσιν,
741 2613 772 2678 ἐν
795 2611 849 2697 μὲν
871 2609 925 2677 καὶ
955 2607 991 2679 τὸ
1020 2607 1094 2679 αὐτὸ
1123 2610 1294 2697 βουλόμενοι
1319 2616 1370 2697 δη·

304 2725 387 2809 λοῦν,
417 2721 457 2805 ὧς
483 2723 537 2792 καὶ
566 2727 764 2812 Δημοσῧένης
793 2727 880 2815 (pag.
913 2731 973 2793 153
1001 2720 1074 2812 πρὸς
1106 2720 1163 2812 τὴν
1190 2727 1285 2793 ίπιστ.
1314 2720 1371 2811 τὴν

307 2848 373 2912 Φιλ.
397 2846 427 2928 §.
451 2847 487 2928 3)
510 2841 583 2924 ,καὶ
604 2842 781 2926 γινώσκεται
803 2840 857 2927 μὲν
879 2834 936 2908 ὑπὸ
964 2837 1024 2907 τῶν
1051 2839 1219 2926 Περινὶιίων
1246 2878 1287 2888 -
1317 2837 1372 2907 οὐκ

305 2955 461 3043 ἀγνοεῖται
481 2957 531 3024 δὲ“
553 2982 582 3023 κ.
605 2981 634 3023 τ.
656 2962 682 3023 λ.
706 2958 793 3024 idem
818 2958 999 3044 exemplum
1021 2958 1106 3022 inter
1135 2957 1200 3022 alia
1220 2959 1370 3024 Tiberius

307 3076 409 3141 affert.
725 3079 726 3084 ’

393 3216 448 3280 Fr.
474 3216 516 3280 39
539 3213 647 3291 Quint.
670 3215 729 3297 IX,
753 3216 784 3297 3,
808 3214 953 3280 45:1100
980 3213 1121 3280 Caecilio
1144 3205 1373 3296 πλεονασμὸς

306 3328 443 3411 videtur,
467 3329 501 3393 id
524 3336 575 3395 est
596 3328 768 3395 abundans
794 3349 892 3413 super
913 3328 1142 3393 necessitarem
1154 3328 1265 3409 oratio,
1290 3328 1372 3393 sieut

307 3445 380 3510 illa:
404 3442 492 3528 „vidi
510 3444 620 3509 oeulos
643 3449 720 3509 ante
736 3444 822 3527 ipse
841 3440 1013 3528 meos.“⁸⁶)
1037 3445 1074 3508 In
1094 3442 1149 3508 iilo
1162 3444 1250 3508 enim
1262 3440 1371 3527 „vidi“

306 3559 393 3624 inest
416 3555 541 3642 ‚‚ipse“.
565 3558 683 3623 Verum
707 3558 740 3624 id
763 3593 804 3606 -
829 3579 902 3624 eum
928 3578 1128 3642 supervacua
1151 3567 1302 3624 oneratur
1318 3557 1373 3621 ad-

310 3823 385 3894 quod
404 3823 543 3879 caecilius
562 3824 715 3891 exemplum
736 3824 842 3895 afferat.
869 3823 991 3880 sortasse
1017 3829 1045 3878 et
1064 3824 1191 3894 ὑπερρατ.
1210 3827 1239 3878 et
1256 3827 1373 3892 παρεμβ.
1484 3867 1488 3875 .

310 3927 345 3966 ex
362 3911 416 3967 hoe
433 3911 545 3967 rhetore
564 3912 726 3981 desumpsit.

381 4002 413 4066 ¹⁵)
431 3999 510 4064 Quae
529 4007 681 4071 sequuntur
699 4004 752 4056 aut
771 4004 901 4070 corrupte
919 4004 967 4055 aut
985 3997 1058 4054 falso
1076 3999 1129 4054 hue
1149 3999 1242 4053 deleta
1260 4002 1332 4053 sunt.

381 4091 413 4151 ¹⁸)
431 4089 472 4145 Of.
500 4087 641 4144 Alexand.
665 4105 731 4159 pag.
749 4091 802 4145 469
827 4088 905 4143 cuiue
933 4086 1058 4143 definitio
1086 4093 1115 4141 et
1142 4086 1268 4156 exempla
1291 4085 1374 4154 piene

309 4193 371 4233 oum
389 4178 433 4233 hie
452 4178 637 4234 consentiunt.
