3290 5006
730 418 951 481 ..33-

305 589 360 679 οίυχ
381 587 495 678 ἥκιστα
505 589 681 677 διασύρουσι,
702 589 848 671 πολλάκις
865 587 964 679 ὥσπερ
982 585 1039 659 ὑπὸ
1052 590 1200 676 βακχείας
1215 587 1295 668 τινός
1310 587 1375 657 των

303 706 400 792 λόγων
422 706 465 783 είς
487 702 639 792 ἀκράτους
660 703 715 771 καὶ
737 702 864 792 ἀπηνεῖς
885 702 1062 794 μεταφορὰς
1082 703 1137 772 καί
1158 705 1202 782 είς
1217 701 1371 791 ἀλληγορι-

294 816 358 888 ’κόν
382 818 519 908 στόμφον
541 821 737 907 ἐκφερόμενον
759 817 814 901 ,,οι’ν
825 815 884 907 γὰρ
897 819 999 908 ράδιον
1009 822 1142 901 ἐπινοεῖν,
1165 818 1255 908 φησὶν
1269 823 1370 907 (legg.

305 940 351 1004 VI
374 937 465 1022 773),
495 930 544 1002 ότι
565 934 649 1001 πόλιν
671 928 747 1001 είναι
768 938 813 1002 δεῖ
834 935 923 1021 δίκην
944 933 1096 1023 κρατῆρος
1117 936 1315 1022 κεκραμένην,
1338 923 1372 1000 οὗ

307 1051 488 1136 μαινόμενος
511 1049 566 1135 μὲν
579 1043 655 1127 σίνος
676 1050 872 1136 ἐγκεχυμένος
893 1055 946 1132 ζεῖ,
966 1049 1167 1136 κολαζόμενος
1187 1049 1221 1116 δὲ
1241 1042 1299 1116 ὑπὸ
1321 1047 1372 1135 κη’-

306 1186 414 1253 φοντος
435 1165 535 1249 ἑτέρου
556 1163 631 1232 imos>
652 1161 751 1250 καλὴν
773 1164 927 1231 κοινωνίαν
948 1162 1050 1246 λαβῶν
1073 1161 1192 1249 ἀγαῖιὸν
1210 1162 1299 1250 πόμα
1319 1161 1373 1231 καὶ

307 1281 426 1366 μέτριον
449 1277 681 1365 ἀπεργάζεται“
702 1277 839 1366 κη’φοντα
859 1277 919 1366 γάρ
942 1303 1016 1368 φασι
1037 1275 1110 1349 λαὸν
1125 1275 1160 1346 τὸ
1175 1275 1255 1365 ὕδωρ
1268 1281 1373 1364 λέγειν,

306 1395 428 1462 κόλασιν
450 1393 484 1461 δὲ
506 1390 620 1480 κρᾶσιν,
641 1391 766 1479 ποιητοῦ
790 1417 869 1472 τινος
890 1393 934 1484 τῷ
957 1390 1029 1477 όντι,
1052 1393 1118 1480 οὐχί
1135 1392 1285 1482 νήφοντός
1300 1396 1372 1462 ἐστι

306 1515 335 1577 8.
366 1517 430 1586 τοῖς
456 1491 601 1586 τοιούτοις
633 1506 843 1594 ἐλαττώμασιν
877 1507 1030 1595 έπιχειρων
1066 1506 1151 1595 ’ὅμως
1177 1506 1251 1576 αὐτὸ
1279 1501 1371 1574 καὶὸ

306 1622 463 1700 Καικίλιος
488 1625 526 1690 έν
550 1631 626 1701 τοῖς
659 1617 744 1709 ὑπὲρ
765 1623 896 1697 Λυσίου
920 1613 1199 1709 συγγράμμασιν
1230 1620 1369 1709 ἀπεδάῤ·

308 1738 380 1824 ῥησε
402 1736 446 1828 τῷ
468 1735 563 1805 παντί
588 1738 701 1805 Λυσίαν
729 1735 842 1824 ἀμείνω
868 1739 1035 1815 Πλάτωνος
1063 1735 1283 1825 άπορήνασὶιαι
1308 1735 1373 1804 δυσὶ

308 1851 423 1921 πόλεσι
443 1851 633 1939 χρησάμενος
655 1849 798 1938 ἀκρίτοις·
822 1850 914 1938 φιλῶν
939 1849 998 1939 γὰρ
1025 1848 1077 1919 τὸν
1104 1851 1217 1919 Λυσίαν
1245 1845 1286 1930 ὦς
1312 1849 1367 1919 οὐδ’

307 1963 400 2044 αὐτὸς
422 1960 524 2049 αὑτὸν,
545 1963 629 2054 όμως
651 1966 764 2054 μᾶλλον
788 1975 867 2053 μισεῖ
889 1965 933 2056 τῷ
944 1963 1039 2033 παντὶ
1050 1964 1206 2035 Πλάτωνα
1226 1963 1249 2052 ἤ
1259 1966 1372 2057 Λυσίαν

308 2087 394 2169 φιλεῖ.
417 2078 496 2168 πλὴν
520 2073 605 2160 οὗτος
627 2081 682 2168 μέν
705 2075 966 2168 ὑπόφιλονεικίας
987 2079 1054 2148 οὐδὲ
1084 2075 1127 2147 τὰ
1151 2083 1281 2168 οοέματα
1302 2074 1372 2167 όμο-

307 2194 473 2284 λογοόμενα
495 2195 639 2283 καίιάπερ
662 2195 766 2286 (iffi.
783 2199 824 2282 ιο)
848 2189 890 2273 ὧς
910 2191 969 2283 γάρ
996 2193 1212 2283 ἀναμάρτητον
1238 2193 1293 2261 καὶ
1317 2219 1372 2260 κα·

308 2306 406 2396 ςἶιιιρὸν
428 2308 480 2377 τόν
503 2310 617 2397 ῥήτορα
638 2313 776 2397 προφέρει
797 2308 936 2396 πολλαχῇ
959 2313 1201 2398 διημαρτημένον
1222 2308 1373 2379 τοῦΠλά·

309 2447 411 2503 τωνος·
434 2421 470 2491 τό
493 2422 516 2492 δ’
542 2416 581 2511 ἦν
604 2420 666 2511 ἀρα
687 2422 758 2513 άόγί
779 2423 919 2506 τοιοῦτον,
941 2422 1008 2491 όυδέ
1031 2422 1131 2509 όλίγου
1155 2429 1223 2491 δεῖν.

520 2701 677 2793 Ἐκλογὴ
699 2706 829 2788 λέξεων
850 2704 949 2773 κατὰ
970 2715 1160 2792 στοιχεῖον.

397 2851 451 2917 Fr.
476 2851 529 2918 25.
552 2852 712 2937 Harpoor.
738 2873 765 2918 s.
790 2872 820 2916 ν.
844 2847 1005 2935 ἐξούλης
1029 2887 1070 2896 -
1098 2845 1148 2914 ὅτι
1169 2849 1202 2915 δὲ
1224 2846 1274 2915 ἐπὶ
1300 2871 1373 2914 παν

311 2958 364 3040 τὸς
385 2960 439 3029 τοῦ
462 2965 498 3030 έκ
520 2961 582 3030 τόν
606 2963 687 3032 ίδίων
710 2965 929 3051 ίκβαλλομένου
944 2964 1096 3031 τάττεται
1108 2959 1241 3051 τοῦνομα
1255 2961 1375 3048 καὶούχ

311 3069 353 3154 ι’νς
374 3073 471 3143 οἴεται
490 3077 648 3156 Καικίλιος
669 3077 768 3165 μόνων
789 3076 852 3145 τόν
873 3080 909 3145 έκ
922 3078 1094 3165 καταδίωης
1113 3077 1300 3167 ὀφειλόντων,
1320 3074 1376 3144 καὶ

311 3189 457 3277 Φρύνιχος
478 3193 508 3257 έν
530 3192 716 3279 Ποαστρίαις
736 3190 824 3278 δῆλον
848 3201 931 3259 ποιεῖ.
1351 3231 1354 3241 =

399 3309 452 3376 Fr.
477 3311 519 3375 26
542 3309 696 3392 lexicogr.
720 3309 764 3376 ad
779 3311 903 3375 calcem
918 3309 1022 3377 Photii
1044 3332 1077 3396 p.
1100 3311 1165 3375 476
1187 3311 1287 3376 Dobr.
1304 3329 1374 3392 προ-

188 3410 190 3415 ’
312 3419 386 3508 βολὴ
409 3420 464 3508 μὲν
486 3420 614 3508 φανεροῦ
637 3444 718 3500 τινος
741 3419 956 3510 [ἀδικήματος
978 3420 1085 3510 φάσις
1107 3421 1154 3508 δὲ]
1171 3421 1376 3499 λανδάνοντος

311 3563 523 3578 ffl—

384 3659 416 3727 ¹‘)
434 3659 530 3715 Verba
550 3665 687 3730 οοιτιιριε,
707 3659 759 3714 sed
777 3659 919 3716 sententia
937 3660 1021 3715 λεεσι
1042 3660 1169 3729 „Caecili
1188 3660 1285 3730 inquit,
1303 3657 1373 3714 iudi·

311 3746 383 3802 nium
401 3746 481 3802 falsis
500 3746 597 3803 nititur
614 3745 810 3817 fundamentis,
831 3747 905 3819 quod
921 3764 991 3818 puro
1009 3747 1130 3804 sermoni
1147 3748 1264 3818 plunimn
1280 3747 1376 3803 tribuit

311 3836 340 3891 in
359 3835 542 3906 scriptoribus
561 3834 733 3904 iudicandin3
751 3852 815 3892 nam
834 3837 960 3906 quanvis
978 3819 1080 3909 Lysian
1099 3837 1128 3892 in
1147 3852 1181 3891 ea
1193 3852 1222 3891 re
1234 3851 1374 3906 nunquam

310 3927 447 3994 ροοοεεοι,
466 3928 560 3979 tamen
578 3928 663 3979 antea
681 3924 869 3994 quaerendum
886 3923 945 3995 fuit,
965 3941 1001 3980 nn
1014 3925 1050 3980 ob
1063 3925 1279 3996 magnitudinem
1291 3922 1374 3978 animi

311 4011 392 4067 Plato
410 4012 436 4066 ei
454 4011 654 4082 praeierendun
678 4017 756 4068 οευοι
781 4012 821 4082 (id
845 4013 920 4083 quod
944 4012 1046 4068 deinde
1073 4028 1135 4083 ορρ.
1154 4014 1198 4069 33.
1218 4011 1253 4068 34
1279 4013 1376 4065 auctor

312 4100 374 4170 ipse
392 4098 559 4170 disceptat);
579 4100 685 4156 sedne
702 4099 771 4156 iilud
789 4100 899 4170 quidem
917 4099 1040 4156 concedo
1046 4114 1056 4177 ι
1072 4097 1175 4172 Lysian
1189 4099 1273 4154 etiam
1285 4098 1374 4154 minus

311 4203 382 4260 puro
401 4202 531 4245 sermone
548 4189 635 4244 utitur
653 4204 735 4260 qunm
752 4189 834 4244 Plato
851 4187 898 4257 (οί.
917 4189 952 4244 35
969 4187 1029 4245 init.
1048 4187 1096 4241 ἐπὶ
1113 4189 1209 4260 μέντοι
1225 4187 1302 4254 κτλ).
1420 4213 1425 4220 -
