3290 5006
782 379 1000 440 ..23-

355 545 413 612 καί
435 545 591 627 ἰνοὶλλαξιν
615 544 685 615 οὔτε
709 547 841 635 ζητῆσαι
865 545 918 616 τὸν
941 543 1037 636 ἄνδρα
1059 545 1331 636 <adaptemus
1355 546 1440 617 ἀλλὰ

355 658 390 728 δι’
419 657 522 728 αὐτῶν
544 657 583 746 δὴ
600 661 665 728 τῶν
687 660 852 748 νοημάτων
873 661 928 729 καὶ
949 661 1007 749 τῆς
1029 658 1158 750 φυσικῆς
1181 660 1283 730 αιίτῶν
1308 659 1439 760 ἄκολον-

356 775 435 852 uta<
468 770 553 860 ἄγειν
586 770 639 842 τὸν
678 772 836 863 ἀκροατὴν
870 774 943 863 πρὸς
965 771 1001 843 τὸ
1030 775 1178 863 βούλημα
1202 776 1231 843 οἱ
1252 772 1314 864 γὰρ
1338 774 1441 843 πάλαι

355 887 486 976 ῥήτορος
506 885 609 956 ἱκανὸν
632 883 737 966 αὑτοῖς
759 888 891 976 ἐνόμιζον
913 885 1005 978 εὑρεῖν
1026 913 1060 956 τι
1080 885 1122 956 τοὶ
1144 889 1357 976 ἐνλνμηματα
1382 890 1440 957 καὶ

355 1001 399 1088 τῇ
424 1000 533 1090 φράσει
554 1001 706 1090 περιττῶς
727 1006 912 1088 ἐσαγγεῖλαι
934 1003 1113 1082 ἐσπούδαζον
1134 999 1194 1090 γὰρ
1216 999 1252 1070 τὸ
1276 999 1348 1071 ὅλον
1368 1004 1440 1092 περὶ

355 1115 416 1203 ’την
439 1116 519 1196 λέξιν
539 1116 595 1184 καὶ
616 1113 670 1184 τὸν
692 1116 812 1204 ταύτης
832 1116 954 1204 κόσμον,
976 1116 1094 1204 πρῶτον
1125 1118 1179 1204 μὲν
1201 1113 1285 1196 ὅπως
1308 1116 1359 1204 εἰη
1384 1143 1438 1204 ση-

356 1226 494 1319 μαντικὴ
528 1230 583 1298 καί
612 1227 774 1318 εὐπρεπὴς,
807 1227 877 1298 εἰτα
908 1232 941 1298 δὲ
973 1230 1028 1298 καὶ
1058 1231 1227 1318 ἐναρμόνιος
1258 1225 1280 1318 ἡ
1315 1233 1439 1299 τούτων

355 1345 505 1424 σύνδεσις
529 1348 559 1412 ἐν
581 1343 682 1434 τούτῳ
702 1341 763 1431 γὰρ
787 1343 891 1422 αὐτοῖς
922 1344 977 1412 καί
1009 1341 1067 1432 τὴν
1099 1340 1173 1432 πρὸς
1206 1340 1282 1422 τοὺς
1306 1343 1439 1423 ἰδιώτας

355 1457 506 1547 διαφορὰν
528 1457 578 1525 ἐπὶ
599 1454 635 1526 τὸ
657 1469 797 1545 κρεῖττον
819 1459 1031 1545 περιγίνεσὶιαι
1046 1454 1122 1557 ιεἶτα
1151 1454 1243 1526 οἰπῶν
1266 1453 1311 1535 ῶς
1332 1457 1435 1546 ἀσχη-

355 1573 509 1661 μάτιστος
529 1572 577 1659 εἴη
600 1567 687 1639 κατὰ
710 1570 844 1638 διάνοιαν
867 1567 882 1638 ὁ
905 1577 959 1638 τοῦ
979 1571 1184 1660 Ἀντιφῶντος
1204 1570 1303 1656 λόγος,
1329 1569 1436 1659 ῶσπερ

352 1685 617 1774 ἐπιδιορλούμενος
648 1681 775 1768 ἑαυτόν,
809 1685 842 1752 ού
875 1685 965 1752 τοῦτο
998 1689 1097 1772 λέγω,
1131 1685 1230 1774 φησὶν,
1264 1681 1308 1763 ῶς
1344 1683 1434 1753 ούδὲν

352 1797 526 1889 εὑρίσκεται
548 1800 683 1877 διανοίας
704 1795 790 1886 παρὰ
809 1797 991 1886 Ἀντιφῶντι
1012 1798 1126 1887 σχῆμα·
1147 1796 1272 1886 καὶγὰρ
1284 1798 1440 1886 ἐρώτησίς

352 1941 412 1984 που
435 1914 491 1981 καὶ
523 1913 708 2001 παράλειψις
736 1911 791 1979 καί
825 1913 915 2000 ἕτερα
947 1911 1076 1979 τοιαῦτα
1103 1913 1204 1980 ἔνεισιν
1235 1911 1330 1980 αὐτοῦ
1367 1922 1436 1991 τοῖς

353 2031 463 2116 λόγοις·
487 2023 564 2095 ἀλλὰ
589 2028 623 2094 τί
647 2050 738 2115 φημι;
760 2026 810 2094 ότι
832 2021 875 2112 μη
897 2024 963 2092 κατ’
986 2025 1170 2113 ἐπιτήδευσιν
1201 2025 1282 2113 μήτε
1299 2023 1439 2112 συνεχῶς

352 2143 506 2232 ἐχρήσατο
528 2139 658 2220 τούτοις,
680 2137 744 2207 ἀλλ’
770 2137 850 2208 duffio
871 2136 909 2206 ἂν
925 2134 946 2225 ἡ
962 2139 1048 2227 φύσις
1063 2138 1142 2225 αὐτὴ
1165 2141 1331 2226 μελοδιίας
1354 2135 1440 2219 τινός

352 2256 449 2344 χωρὶς
481 2255 609 2341 ἀπῆγον·
646 2251 671 2321 ο“
704 2252 743 2339 δὴ
776 2252 832 2319 καί
858 2251 925 2338 περὶ
952 2249 1022 2329 τοὺς
1043 2253 1192 2338 τυχόντας
1213 2254 1277 2322 τῶν
1301 2257 1435 2329 ἰδιωτῶν

353 2373 437 2442 ἔστιν
459 2367 541 2459 ὁρᾶν.
565 2366 617 2437 διὰ
640 2367 732 2434 τοῦτο
755 2365 810 2433 καὶ
826 2363 901 2434 όταν
920 2388 967 2443 τις
989 2365 1237 2452 ἀσχηματίστονς
1251 2365 1330 2437 εἰναι
1354 2377 1433 2462 λέγῃ

351 2487 461 2572 λόγους
482 2483 515 2552 ού
538 2481 694 2562 uouerat
718 2483 834 2567 οἰητέον
857 2479 917 2546 τῶν
940 2479 1107 2565 σχημάτων
1130 2478 1241 2560 αὐτοὺς
1259 2482 1433 2576 ἀπεστερη-

354 2605 466 2688 μένονς
487 2593 563 2666 εἶναι
586 2595 692 2684 (τοῦτο
714 2591 773 2681 γὰρ
793 2591 964 2681 ἀδύνατον),
987 2591 1047 2660 ἀλλ’
1073 2590 1168 2662 tort
1188 2598 1365 2684 ἐμμοῖιοδον
1377 2602 1435 2670 κοιί

352 2713 476 2798 συνεχὲς
507 2709 562 2778 καὶ
595 2712 762 2798 ἐρρωμένον
794 2707 857 2774 τῶν
890 2706 1057 2793 σχημάτων
1091 2706 1145 2775 οὐκ
1174 2709 1255 2777 ἔστιν
1277 2708 1433 2800 ὃριύμενον

355 2830 386 2896 όν
410 2825 561 2912 ostrow).

355 3133 383 3186 p,
394 3113 462 3171 488b
477 3115 519 3180 18)
533 3129 596 3166 oum
608 3112 652 3165 eis
666 3111 757 3166 Photii
767 3109 894 3180 portibus
904 3125 973 3179 ques
983 3125 1038 3164 uon
1052 3125 1069 3163 e
1081 3110 1260 3180 Pseudoplut.
1273 3116 1433 3189 descripsit

356 3203 394 3260 ad
410 3201 527 3258 verbum
546 3203 709 3268 congruent
730 3198 823 3266 quidni
841 3202 992 3264 utrumque,
1011 3202 1040 3250 et
1053 3197 1181 3254 Photium
1192 3206 1223 3255 et
1241 3205 1290 3271 qui
1309 3206 1361 3262 ilis
1381 3226 1429 3266 ex·
1451 3248 1453 3252 .

353 3289 475 3360 serpsit,
505 3287 606 3343 eodem
629 3285 749 3340 rhetoris
768 3284 911 3338 ouiusdsm
935 3283 1039 3351 soripto
1065 3299 1131 3339 usos
1156 3302 1223 3343 esse
1242 3295 1430 3354 statuemus?

354 3380 385 3434 13
412 3381 506 3432 autem
530 3374 625 3429 rhetor
648 3371 767 3427 Libanio
791 3371 901 3438 quidem
924 3373 990 3438 (que
1014 3372 1196 3439 posteriorem
1221 3377 1341 3436 Photius
1371 3401 1430 3441 non

356 3466 502 3530 memoret)
522 3460 660 3516 recentior
678 3456 768 3513 fuisse
786 3459 838 3513 sed
856 3463 885 3512 et
903 3454 1064 3527 Aristidem,
1085 3459 1247 3532 Longinum,
1266 3467 1429 3542 Liberium,

356 3553 446 3620 alios,
472 3554 502 3604 et
524 3549 620 3616 ipsum
646 3545 798 3602 Oseoilium
821 3549 887 3600 unte
911 3545 1006 3599 oeulos
1030 3545 1163 3601 hsbuirse
1186 3553 1330 3617 putandus
1360 3561 1430 3628 erit;

357 3641 441 3696 huius
460 3636 535 3691 enim
551 3633 642 3690 verbs
658 3634 724 3700 ipsu
740 3632 826 3686 effert.
862 3630 937 3686 Nihil
954 3631 1037 3700 igitur
1055 3632 1176 3703 mireris,
1201 3638 1277 3706 quod
1295 3641 1431 3703 Photium

354 3729 384 3782 in
402 3726 446 3782 eis
466 3739 538 3794 quse
558 3721 676 3776 diximus
695 3718 822 3787 pertibus
840 3719 912 3774 inter
929 3718 1109 3774 reoentiorum
1120 3721 1259 3780 rhetorum
1272 3728 1430 3799 aliquoties

355 3813 462 3872 Oseoili
480 3823 591 3880 quoque
609 3805 699 3861 verbs
716 3804 801 3860 tsoite
820 3811 943 3861 seontmn
962 3821 1027 3862 esse
1046 3811 1209 3866 statuemus.

428 3937 448 4002 η
469 3935 548 3988 Haeo
567 3929 660 3985 omnia
670 3925 801 3997 Spengel.
819 3945 877 3981 συν.
896 3945 969 3996 τεχν.
987 3944 1014 3996 p.
1029 3931 1063 3984 10
1075 3935 1163 3987 nott)
1182 3935 1219 3988 ad
1238 3937 1340 3994 tibrum
1359 3950 1432 4016 περὶ

354 4023 510 4096 σχημάτων
528 4017 649 4083 rettulit;
667 4014 747 4081 falso,
767 4030 830 4070 nem
847 4016 875 4070 iu
886 4015 967 4069 Isaeo
979 4015 1016 4068 ed
1029 4010 1202 4075 huno'looum
1216 4022 1252 4079 de
1267 4027 1432 4096 Antiphon-

352 4113 390 4167 ᾗ,
409 4111 563 4181 figurarum
581 4119 635 4158 usu
653 4101 745 4171 ipsum
757 4101 906 4158 Oseoilium
924 4103 1085 4171 respexisse
1104 4121 1174 4177 opus
1194 4115 1239 4165 est
1258 4111 1308 4181 (oi.
1321 4113 1357 4175 fr.
1373 4123 1430 4188 11).
