3290 5006
671 434 894 498 ...19-

253 633 331 678 oum
353 611 440 679 haee
464 615 667 697 exponeret:
691 605 725 676 oi
748 613 839 676 τοῦτο
861 609 940 694 λέγω
963 605 1003 686 ὣς
1030 605 1115 676 οὐδὲν
1144 605 1318 696 εὑρίσκεται

254 726 392 804 διανοίας
405 725 490 812 παρὰ
510 723 699 812 Ἀντιφῶντι
714 729 822 812 σχῆμα
838 763 879 773 -
897 763 939 772 -
956 723 1037 791 ἀλλὰ
1047 726 1079 791 τί
1089 748 1180 812 oppa
1203 723 1252 792 ’ὅτι
1271 724 1315 814 μὴ

253 838 321 908 κατ’
348 838 536 928 ἐπιτήδευσιν
553 837 635 925 μέτε
657 843 786 926 συνεχῶς
801 837 953 927 ἐχρήσατο
969 837 1097 920 τούτοις,
1121 837 1197 906 ἀλλ’
1224 837 1318 907 ἕνῇα

254 953 297 1022 ἂν
318 953 339 1044 ἡ
362 954 471 1043 φύσις
493 953 589 1044 αὐτὴ
612 954 815 1042 penninis<
836 952 942 1031 τινὸς
963 953 1075 1041 χωρὶς
1092 952 1218 1043 ἀπῆγε.
1241 953 1259 1022 ‘0'
1278 953 1317 1041 δὴ

255 1069 310 1136 καὶ
336 1070 404 1158 περὶ
432 1070 505 1148 τοὺς
533 1067 685 1156 τιχόντοις
710 1073 769 1137 τῶν
797 1070 923 1136 ἰδιωτῶν
945 1067 1028 1135 ἔστιν
1051 1066 1123 1166 &poio
1148 1070 1317 1157 -plane

250 1182 347 1252 idem
375 1186 585 1274 significasse
612 1187 749 1253 videtur
777 1186 869 1273 quod
896 1186 931 1251 in
961 1184 1156 1250 definitione
1189 1184 1245 1267 ,,τ“ο
1272 1185 1318 1273 μὴ

255 1300 342 1368 κατὰ
364 1297 473 1388 φύσιν*
497 1301 643 1383 vocavit,
666 1301 822 1366 nimirum
845 1301 926 1366 hoo:
949 1321 1019 1365 non
1044 1300 1088 1367 de
1111 1321 1318 1388 quacunque

261 1415 398 1482 dieendi
421 1416 586 1502 singulari
610 1415 718 1481 forma
741 1435 816 1481 sese
840 1434 959 1501 agere,
987 1414 1049 1481 sed
1078 1415 1120 1482 de
1152 1415 1200 1481 eis
1230 1435 1319 1502 quae

255 1529 292 1598 τὸ
323 1532 497 1617 ἐμμέὲιοδον
527 1531 697 1613 habeant,
732 1530 856 1618 quibus
892 1552 970 1610 oum
1002 1537 1074 1596 arte
1109 1531 1255 1617 quadam
1285 1538 1319 1597 et

255 1646 413 1730 oonsilio,
435 1667 506 1712 non
528 1648 637 1712 solam
659 1652 816 1712 naturam
839 1647 947 1712 seouti
968 1647 1150 1733 scriptores
1169 1652 1318 1713 utantur.

343 1815 500 1882 Eandem
536 1817 662 1884 diversi
697 1819 831 1904 generis
869 1817 1055 1904 figurarum
1093 1816 1320 1883 differentiam

258 1930 437 2017 explicans
472 1930 701 2006 Quintilianus
735 1933 792 2018 (fr.
828 1933 886 2017 42)
924 1932 1010 1998 Zoili
1045 1938 1079 1998 et
1117 1931 1320 2017 Apollodori

256 2046 462 2111 mentionem
485 2046 576 2112 laoit.
621 2047 666 2113 Et
681 2046 915 2135 Apollodorus
933 2047 1082 2136 quidem,
1105 2046 1164 2136 qui
1183 2046 1321 2112 schema

257 2161 428 2225 communi
455 2167 561 2248 atque
589 2162 709 2228 latiore
733 2162 793 2228 illo
822 2183 926 2228 sensu
953 2161 1094 2248 aceepit,
1123 2182 1144 2226 a
1172 2159 1319 2228 anoilio

259 2293 328 2339 non
359 2274 423 2339 nisi
450 2275 634 2342 refellendi
659 2298 764 2342 eausa
793 2277 918 2344 allatus
943 2297 1019 2343 esse
1049 2282 1178 2364 potest;
1206 2278 1255 2343 ita
1281 2283 1320 2344 ut

258 2387 344 2454 haee
362 2388 560 2464 Quintiliani
582 2392 690 2458 verba
713 2413 757 2458 ex
779 2392 852 2479 ipso
871 2391 1017 2458 anoilio
1041 2391 1219 2478 desumpta
1242 2412 1319 2458 esse

260 2510 388 2591 putem.
432 2505 623 2595 Eidemque
642 2507 784 2590 auctori,
805 2506 870 2571 nisi
890 2507 1005 2589 fallor,
1022 2507 1149 2572 debent
1173 2526 1319 2592 eaquae

259 2617 302 2684 de
324 2618 420 2684 Zoilo
444 2627 478 2685 et
502 2621 732 2697 Quintilianus
756 2627 790 2687 et
814 2621 1044 2686 Phoebammo
1070 2621 1202 2686 dieunt:
1227 2627 1318 2686 uter·

258 2754 325 2819 que
355 2735 443 2800 enim
470 2737 592 2801 mirum
616 2737 653 2800 in
679 2736 818 2802 modum
846 2735 937 2800 idem
965 2735 1002 2799 in
1032 2754 1073 2800 eo
1107 2735 1317 2819 vituperant:

259 2846 390 2914 Phoeb.
419 2845 469 2914 ’ότι
497 2847 542 2926 οὐι
558 2847 774 2935 περιλαμβάνει
802 2847 869 2936 περὶ
896 2847 1019 2914 πάντων
1045 2850 1104 2914 τῶν
1136 2845 1318 2934 οχημάτονς

260 2960 375 3036 Quint.
401 2964 455 3045 „id
476 2964 587 3050 ipsum
609 2971 723 3030 tamen
746 2970 893 3050 anguste
915 2963 1032 3028 Zoilus
1055 2962 1279 3028 terminavit.“

349 3156 441 3232 Quin
472 3158 571 3223 etiam
604 3179 624 3222 a
653 3178 734 3222 vero
768 3177 838 3222 non
870 3156 1057 3223 abhorrere
1090 3156 1172 3220 mihi
1201 3155 1319 3221 videor

260 3276 370 3336 totum
393 3271 488 3338 huno
511 3272 710 3346 Quintiliani
732 3271 844 3336 looum
869 3270 912 3336 ad
935 3270 1120 3337 Caecilium
1144 3277 1319 3337 auctorem

258 3385 427 3468 referens,
450 3387 575 3474 quippe
599 3407 699 3473 quem
728 3387 873 3473 primum
903 3386 985 3452 talia
1012 3385 1055 3451 de
1085 3385 1203 3472 figuris
1229 3385 1318 3450 iudi·

262 3519 357 3566 casse
389 3507 546 3567 statuam.
595 3500 684 3567 Nam
714 3499 916 3587 Dionysium
946 3501 983 3565 in
1015 3500 1097 3566 artis
1125 3499 1319 3566 rhetoricae

261 3615 371 3699 eapite
393 3613 484 3680 VIII
508 3614 563 3702 (R.
579 3621 660 3681 tom.
676 3613 724 3699 V)
746 3613 814 3702 περὶ
836 3611 1155 3701 ἐοχηματισμένονιί
1183 3613 1226 3680 de
1242 3616 1318 3681 nul·

261 3727 302 3793 lis
332 3728 406 3794 aliis
443 3749 544 3816 quam
572 3750 657 3816 quas
689 3728 805 3795 Zoilus
838 3728 1041 3815 significavit
1071 3726 1190 3814 figuris
1230 3749 1317 3794 oom-

262 3850 504 3910 memorontem
530 3843 702 3930 ridemus3
736 3851 770 3910 et
797 3843 925 3911 anoili
954 3844 1016 3911 illa
1042 3844 1078 3909 in
1106 3841 1319 3929 Antiphonte

259 3960 366 4026 verba
388 3959 492 4045 plane
514 3960 562 4025 ita
587 3966 666 4026 sunt
688 3967 895 4047 comparata,
917 3966 956 4025 ut
979 3966 1154 4026 auctorem
1176 3959 1225 4025 ibi
1242 3977 1318 4024 sen·

258 4075 400 4140 tentiam
418 4095 512 4141 suam
529 4079 568 4140 ut
584 4075 740 4140 omnibus
758 4073 991 4140 admirabilem
1008 4080 1043 4140 et
1059 4080 1180 4140 eontra
1191 4072 1319 4159 opinio·

262 4209 339 4256 nem
364 4189 487 4257 dietam
510 4189 698 4256 defendere
721 4173 928 4255 oonoludas.'
