3290 5006
706 427 901 490 -5..

272 623 366 669 πειτα
377 599 600 691 ἅμαΚεκιλίῳ,
619 621 707 688 quae
722 601 829 668 uerba
839 599 987 668 Millero
999 621 1040 668 ea
1058 601 1101 668 de
1117 622 1222 668 cansa
1233 601 1334 668 dubi-

273 717 438 784 tationem
449 723 639 800 morerunt,
652 718 743 803 quod
756 717 969 804 Timagenes,
982 719 1041 805 qui
1052 738 1140 785 anno
1154 719 1196 784 55
1209 740 1239 786 a.
1253 719 1334 786 Chr.

275 835 430 922 captivus
452 835 594 901 Romam
616 833 778 917 venisset,
805 836 1057 920 nonagenarius
1080 835 1153 901 fers
1177 855 1253 905 case
1276 834 1335 901 do·

271 950 392 1034 beret,
428 971 495 1036 quo
531 956 682 1037 tempore
712 948 893 1037 Augustus
932 948 1034 1032 obiit,
1073 969 1185 1035 neque
1215 956 1336 1037 postca

276 1065 434 1132 floruisse
461 1072 576 1151 posset
605 1087 681 1131 cunr
704 1064 868 1148 Caecilio,
897 1066 994 1132 cuius
1022 1066 1086 1132 sub
1111 1065 1271 1152 Augusto
1303 1071 1338 1133 et

279 1188 379 1248 antea
404 1182 557 1248 aemulus
581 1181 711 1246 lrrisset.
757 1180 880 1266 Itaque
903 1186 942 1247 ut
965 1200 1068 1267 supra
1091 1179 1269 1265 Caeciliae,
1291 1180 1340 1248 ita

278 1295 334 1362 hio
358 1294 445 1361 dnos
467 1295 669 1383 Timagenes
690 1296 851 1362 confusos
874 1316 949 1362 esse
968 1303 1077 1384 putat.
1122 1295 1190 1363 Sed
1216 1302 1338 1363 utcun-

279 1429 347 1498 que
371 1410 413 1477 do
431 1410 614 1499 Timagene
636 1411 836 1496 iudicamus,
859 1411 1044 1479 Caecilium
1059 1434 1129 1479 non
1147 1413 1259 1479 solum
1274 1411 1339 1482 sub

280 1527 439 1613 Augusto
464 1527 525 1592 sed
548 1527 648 1592 etiam
669 1527 812 1614 posthac
836 1527 992 1594 docuisse
1012 1527 1138 1594 Suidac
1157 1528 1265 1595 verba
1288 1548 1342 1594 sa·

280 1642 323 1708 tis
344 1642 591 1730 demonstrant3
614 1662 732 1709 verum
753 1643 845 1729 quod
864 1642 965 1708 etiam
981 1650 1060 1710 aute
1074 1645 1148 1710 eius
1158 1643 1343 1730 imperium

281 1756 451 1824 Miillerus
470 1758 566 1842 dixit,
588 1780 657 1826 non
668 1765 752 1847 puto
774 1779 819 1824 ex
835 1779 875 1825 eo
896 1759 972 1824 looc
990 1759 1108 1845 colligi
1122 1778 1243 1846 posse;
1265 1778 1344 1824 nam

284 1870 373 1958 ,tipo
389 1873 545 1964 strlip“
571 1895 639 1940 non
655 1874 719 1940 nisi
734 1874 778 1940 ad
793 1872 996 1960 posteriores
1022 1849 1093 1956 ,ist
1110 1897 1146 1940 τε
1162 1871 1341 1958 Καίσαρος“

284 1994 349 2055 etc.
373 1997 528 2075 spectare
551 1989 722 2055 videntur.
768 1988 900 2076 Optime
923 2009 1004 2056 vero
1030 2010 1106 2055 cum
1132 1987 1197 2053 hac
1228 1993 1346 2053 nostra

285 2106 456 2172 sententia
478 2106 656 2190 convenit,
689 2105 790 2192 quod,
819 2111 859 2171 ut
879 2104 970 2170 infra
994 2102 1203 2186 docebimus,
1227 2100 1344 2166 claris·

288 2223 372 2288 sima
404 2222 531 2289 Caecili
569 2224 694 2311 scripta
737 2228 813 2310 post
851 2219 995 2307 Dionysi
1031 2216 1346 2285 Halicarnassensis

287 2339 546 2405 commentarios
578 2339 620 2405 de
649 2338 796 2424 antiquis
825 2336 1017 2402 oratoribus
1051 2340 1085 2401 et
1108 2335 1152 2400 de
1174 2331 1347 2402 Dinarcho

289 2454 381 2520 edita
409 2461 507 2540 sunt3
536 2455 591 2522 hic
614 2460 728 2522 tamen
756 2453 850 2540 quod
871 2452 908 2518 in
931 2450 1077 2539 epistola
1098 2450 1142 2516 ad
1165 2448 1227 2515 Cn.
1250 2448 1348 2514 Pom·

279 2575 420 2662 poium,
451 2595 538 2660 quae
569 2579 603 2640 et
630 2575 705 2661 ipsa
732 2573 799 2638 illis
829 2567 1076 2638 commentariis
1107 2565 1276 2654 posterior
1298 2569 1351 2630 est

290 2688 385 2772 (nam
406 2688 577 2775 integrum
599 2688 712 2754 locum
735 2694 855 2755 auctor
876 2686 957 2752 inde
981 2684 1055 2769 ipse
1086 2681 1200 2765 affert)
1233 2678 1351 2746 Caeci·

290 2803 374 2869 lium
405 2810 443 2869 ut
473 2802 769 2870 familiarissimum
798 2807 963 2868 memorat
993 2801 1080 2886 (cap.
1103 2800 1124 2862 3
1147 2795 1200 2862 VI
1227 2816 1261 2882 p.
1285 2794 1349 2859 771

292 2919 347 2985 ed.
367 2919 510 3004 Reisk.),
535 2920 576 2985 ab
600 2919 660 2985 illo
685 2920 758 2985 fere
780 2925 933 3004 tempore
950 2913 1162 2982 Calactinum
1182 2910 1354 2976 rhetorem

292 3035 415 3100 florere
440 3036 591 3123 coepisse
615 3035 763 3118 conicio,
793 3034 868 3101 dico
901 3032 945 3098 ab
977 3051 1066 3097 anno
1091 3029 1164 3095 fere
1195 3025 1353 3093 vicesimo

293 3150 477 3218 anteChr.
524 3149 624 3225 Quod
648 3151 789 3216 sirecte
813 3148 1068 3236 disputavimus,
1100 3166 1144 3211 ex
1167 3143 1355 3227 utriusque,

294 3265 438 3353 Dionysi
469 3273 503 3332 et
526 3265 669 3349 Caecili,
701 3271 811 3332 aetate
847 3270 881 3330 et
913 3263 1113 3348 scriptorum
1136 3257 1357 3325 similitudine

295 3383 388 3449 hunc
411 3384 503 3449 illius
525 3383 727 3470 discipulum
750 3383 871 3449 sinon
893 3381 1022 3463 multis,
1044 3375 1219 3445 nonnullis
1243 3380 1358 3440 tamen

298 3498 395 3564 annis
430 3500 596 3565 iuniorem
630 3500 735 3566 fuisse
778 3495 960 3566 verisimile
996 3494 1140 3562 uidetur.
1198 3489 1359 3556 Ceterum

299 3617 422 3702 quibus
444 3622 621 3703 praeterea
642 3612 921 3702 praeceptoribus
938 3610 1107 3677 Caecilius
1123 3627 1206 3673 usus
1224 3606 1269 3671 sit
1289 3623 1360 3670 non

298 3731 460 3818 traditur3
488 3729 737 3817 Apollodorum
770 3735 884 3796 tamen
920 3747 998 3793 eum
1025 3724 1196 3792 audivisse
1228 3718 1358 3786 conicio

299 3867 344 3913 ex
367 3846 482 3923 Quint.
505 3845 569 3930 IX,
594 3849 624 3929 l,
649 3848 709 3930 12,
742 3843 1016 3931 ,Apollodorus,
1047 3839 1076 3906 si
1103 3836 1253 3905 tradenti
1275 3832 1361 3900 Cac-

300 3965 378 4030 cilio
401 3962 586 4045 credimus,
612 3958 969 4048 incomprehensibilia
1002 3955 1110 4044 partis
1139 3953 1242 4019 huius
1270 3950 1306 4035 (i.
1331 3968 1362 4016 e.

301 4079 503 4168 figurarum)
528 4085 711 4168 praecepta
730 4075 973 4159 existimarit;“
998 4071 1064 4136 hoc
1077 4067 1167 4135 enim
1179 4063 1363 4146 Caecilius,

302 4198 338 4264 ni
360 4197 474 4280 fallor,
496 4217 566 4262 non
589 4215 634 4262 ex
655 4193 749 4260 illius
773 4190 906 4278 scriptis
932 4188 993 4256 sed
1010 4208 1054 4254 ex
1070 4185 1266 4253 scholarum
1281 4201 1363 4249 con·
