3290 5006
678 415 897 478 „39-

261 589 393 677 μήνυσις·
416 589 559 666 Κεκίλιος
580 589 613 656 δὲ
638 588 757 676 [φάσιν]
780 587 871 675 φησὶν
894 583 969 655 εἶναι
989 584 1028 674 ἥν
1050 586 1135 654 κατὰ
1162 587 1223 652 τῶν
1254 584 1325 675 [τὰ]

260 703 390 792 δημόσια
433 705 571 790 μέταλλα
618 696 845 790 ίπσρυττόντων
880 700 1060 790 ἀποφέρουσι
1100 700 1154 768 καὶ
1192 701 1328 772 καδόλσυ

262 817 376 908 [κατὰ]
401 817 461 886 τῶν
483 814 525 884 τόι
548 813 635 884 κοινὰ
657 815 857 884 κλεπτόντων.

349 979 403 1044 Fr.
430 984 482 1045 27.
505 979 592 1045 idem
615 999 691 1064 pag.
716 981 794 1042 b'b'i:
817 976 1035 1061 εἰσαγγελία
1057 976 1142 1044 κατὰ
1156 976 1329 1045 κοινωνκαί

263 1091 411 1180 ἀγράφων
434 1090 645 1179 ἀδικημάτων·
670 1085 749 1176 αὕτη
773 1091 827 1177 μὲν
847 1081 898 1157 σόν
920 1085 941 1177 ἡ
963 1093 1123 1159 Καικιλίου
1145 1091 1227 1172 δόξα.
1255 1093 1328 1160 Θεό-

262 1230 394 1298 φραστος
415 1209 448 1276 δὲ
469 1233 498 1274 κ.
521 1232 550 1274 τ.
572 1212 598 1273 λ.

350 1374 403 1438 Fr.
429 1372 470 1436 ‘28
494 1370 683 1435 Ammonius
708 1391 734 1435 s.
759 1392 788 1434 v.
812 1364 962 1453 δεωρὸςε
996 1365 1112 1452 δεωρὸς
1133 1365 1187 1433 καί
1207 1362 1330 1452 δεατὴς

261 1486 406 1570 διαφέρεω
428 1479 545 1568 δεωρὸς
571 1481 625 1569 μὲν
641 1481 701 1568 γάρ
718 1483 798 1550 ἐστιν
819 1475 835 1548 ό
858 1481 900 1558 είς
921 1480 1011 1558 δεοὺς
1033 1480 1230 1568 πεμπόμενος,
1252 1485 1327 1548 δια-

262 1597 322 1685 τὴς
344 1599 377 1666 δὲ
401 1593 415 1665 ό
440 1596 566 1682 ἀγόνων
590 1595 645 1662 καί
665 1597 816 1682 δεσίτρων.
839 1633 879 1642 -
905 1635 945 1644 -
970 1599 1136 1663 διαστελλει
1161 1588 1212 1662 οὖν
1238 1593 1331 1663 τοῦτο

263 1711 413 1800 ἐπιμελῶς
434 1712 687 1798 Λυσιμαχίδης
708 1712 743 1777 ἐν
764 1707 813 1800 τῷ
835 1705 923 1797 πρὸς
944 1712 1137 1778 Καικίλιον
1158 1709 1238 1797 περὶ
1260 1709 1332 1777 τόν

262 1823 367 1915 παρὰ
391 1834 473 1904 τοῖς
490 1825 677 1902 Ἀττικοῖς
699 1822 908 1911 δητόρωνῖῖ)
930 1823 985 1891 καὶ
1006 1822 1123 1892 πολλῶν
1145 1827 1330 1910 παραδόσεις

265 1950 405 2010 ποιεῖται
428 1940 482 2008 καί
505 1936 626 2038 ἔστιτὸ
649 1939 830 2010 δεσίσαοδαι
852 1937 951 2026 ὅσπερ
981 1939 1138 2027 πρόκειται
1162 1935 1248 2025 παρὰ
1273 1934 1332 2025 τὴν

262 2060 350 2138 δίαν,
377 2052 413 2123 τό
440 2055 473 2123 δὲ
498 2059 637 2142 δεωρεῖν,
666 2053 765 2142 φησὶν,
793 2051 847 2120 οὐκ
876 2049 948 2122 ἄλλο
979 2080 1011 2122 τι
1047 2052 1069 2140 ἦ
1099 2047 1221 2121 πότων
1248 2052 1330 2122 δεων

264 2169 358 2258 ὧρεῖν,
381 2170 470 2238 τοῦτο
492 2171 525 2238 δὲ
547 2168 582 2237 τὸ
607 2170 779 2256 φροντίζειν.
801 2208 844 2218 -
867 2165 980 2236 καὶτὸ
1007 2175 1070 2245 τοῖς
1087 2166 1268 2253 Ἀδηναίοις
1290 2173 1331 2233 δι·

143 2277 147 2284 ’
264 2287 386 2373 δόμενον
407 2280 557 2372 δεωρικὸν·
578 2282 644 2369 οὐχὶ
666 2279 717 2351 διὰ
739 2279 798 2362 τὰς
819 2285 899 2361 δίας
920 2278 979 2370 (ὦς
993 2282 1150 2361 Καικίλιος
1166 2277 1330 2368 ὑπέλαβεν)

265 2397 344 2469 ἀλλὰ
367 2397 417 2468 διόι
440 2399 475 2468 τὸ
498 2403 528 2467 ἐν
550 2408 621 2478 ταῖς
643 2401 762 2486 ἑορταῖς
783 2399 826 2476 είς
847 2395 918 2476 τοὺς
939 2395 1031 2477 δεοός
1053 2396 1181 2481 εὐσεβεῖν
1203 2395 1257 2464 καὶ
1269 2398 1331 2463 ἐπι-

194 2539 201 2546 ·
263 2521 332 2586 δεῖν
355 2513 503 2602 (emittet
527 2520 610 2585 coni.
634 2518 766 2602 Velek.)
789 2512 845 2580 καῖ
865 2511 1086 2602 εὐφραίνεσδαι

275 2723 479 2734 -ι-ιμ-

338 2850 370 2916 Ἰ)
388 2850 614 2921 Lysimachidem
632 2849 763 2906 Mulieres
782 2849 860 2920 ἣρω.
884 2849 949 2905 hist.
974 2867 1017 2920 gr.
1041 2850 1086 2904 111
1104 2865 1169 2922 pag.
1188 2851 1242 2908 334
1258 2846 1332 2904 falso

265 2923 327 2993 cem
339 2938 506 3009 Lysimacho
519 2939 626 2994 Neston
639 2943 752 2994 auctore
765 2937 929 2995 confudisse
948 2940 1072 3007 videtum
1091 2957 1155 2995 nem
1167 2941 1331 3010 Harpocret

266 3025 334 3081 ibid.
353 3024 433 3096 frgm.
452 3027 559 3084 21-23
577 3032 606 3082 et
625 3026 711 3084 schol.
732 3027 818 3098 Soph.
835 3027 904 3084 ibid.
928 3026 1009 3098 frgm.
1033 3029 1068 3084 24
1093 3044 1203 3096 semper
1228 3028 1332 3082 diserte

266 3114 488 3184 Lysimachidem
506 3120 620 3172 vocant.
656 3115 744 3171 Huius
764 3121 856 3171 eutem
868 3116 946 3186 liber,
967 3118 991 3172 si
1005 3117 1071 3187 quid
1082 3117 1174 3186 video,
1193 3133 1248 3172 non
1261 3118 1332 3174 an-

266 3203 312 3258 eili
331 3204 366 3258 de
385 3203 481 3257 decem
509 3203 669 3258 oratoribus
699 3205 817 3274 scripto,
845 3205 884 3272 (id
905 3205 980 3275 quod
1004 3221 1101 3260 omnes
1125 3205 1215 3260 adhue
1234 3206 1280 3275 qui
1300 3206 1335 3258 de

265 3293 319 3347 hee
342 3307 373 3347 re
396 3291 482 3346 locuti
506 3296 571 3347 eunt
600 3298 816 3362 supposuerunt)
842 3293 893 3348 sed
914 3294 977 3349 huic
996 3294 1050 3364 ipsi
1069 3295 1265 3349 vocabulorum
1286 3295 1333 3349 ‹le-

266 3380 351 3436 leetui
369 3379 515 3451 oppositus
535 3385 613 3449 eret3
635 3381 658 3435 si
679 3381 787 3450 quidem
801 3382 907 3438 Caecili
926 3383 1182 3453 interpretationem
1200 3383 1334 3452 θεωρικὸν

265 3468 345 3524 vocis
365 3472 440 3524 reete
458 3468 496 3522 ad
513 3469 634 3524 eundem
653 3468 775 3524 libellum
794 3485 848 3540 quo
869 3467 988 3543 ἐξούλης,
1009 3470 1099 3538 φάσις,
1119 3471 1279 3540 εἰσαγγελία
1291 3486 1334 3525 re·

267 3556 388 3612 ferimus.
416 3587 447 3596 -
477 3557 608 3612 Ceterum
626 3557 831 3629 Lysimachidei
850 3560 1038 3615 commentarii
1057 3559 1166 3615 titulum
1189 3559 1335 3615 verisimil-

267 3646 331 3700 lime
349 3647 435 3702 Meur.
455 3646 548 3701 Herm.
567 3647 687 3702 Meienre
708 3647 811 3717 Ομυυο.
830 3665 896 3719 pag.
916 3649 968 3703 129
993 3648 1151 3703 restituisse
1175 3647 1241 3701 mihi
1258 3647 1336 3701 vide·

266 3739 326 3789 tur:
345 3735 411 3804 περὶ
430 3735 486 3787 τῶν
505 3733 587 3788 ἰδίων
604 3735 660 3787 τῶν
678 3737 748 3804 (velt
768 3739 945 3808 ζητουμένων
963 3737 1028 3805 τῶν)
1046 3736 1121 3808 παρὰ
1138 3740 1194 3794 τοῖς
1209 3734 1336 3793 Ἀττικοῖς

268 3822 413 3893 (tritavum
431 3821 555 3878 sonasse
575 3838 684 3892 quoque
702 3825 757 3880 sie:
776 3826 840 3895 περὶ
859 3828 914 3877 τῶν
931 3825 1006 3895 παρὰ
1022 3829 1078 3882 τοῖς
1093 3823 1219 3882 Ἀἰτικοῑς
1238 3824 1335 3895 ῥήτορ-

269 3928 317 3964 σιν
335 3909 486 3983 όνομάτιυν.
507 3943 539 3952 -
