3290 5006
715 365 912 427 ..4-

286 537 436 630 opinioni
457 545 647 628 temporum
669 539 756 606 ratio
779 539 836 607 vel
857 541 1003 606 maxime
1020 540 1153 628 obstat3
1176 563 1254 608 uam
1270 564 1348 610 eum

286 655 409 724 fluidas
432 657 603 722 rhetorem
625 657 689 722 sub
710 656 868 742 Augusto
889 657 1025 723 scholas
1039 657 1167 724 Romae
1183 659 1347 726 habuisse

288 771 390 856 dicat,
420 778 455 838 et
482 772 608 859 scripta
635 772 708 838 eius
735 772 881 860 plurima
910 793 980 838 uon
1002 773 1039 839 in
1068 775 1175 862 prima
1197 774 1349 863 Augusti

286 886 499 976 imperatoris
521 894 674 974 tempora
697 888 820 953 eadere
843 888 1030 973 videamus,
1053 891 1112 957 vix
1135 891 1209 958 fieri
1228 893 1351 979 potuit,

287 1010 327 1071 nt
349 1025 439 1070 anno
463 1003 712 1092 septuagesimo
737 1011 815 1070 ante
841 1003 925 1070 Chr.
948 1005 1146 1072 uicesimum
1169 1008 1350 1093 septimum

290 1121 343 1205 (ut
363 1119 501 1186 minima
525 1119 646 1204 dicam)
671 1141 797 1186 aunum
819 1120 887 1186 iam
910 1122 1125 1188 excessisset.

377 1233 491 1321 Atque
518 1235 605 1300 haec
633 1235 769 1321 quidem
798 1235 840 1302 de
868 1237 1022 1320 nomine,
1051 1237 1180 1324 patria,
1212 1255 1351 1324 genere.

291 1348 434 1426 Quando
458 1368 539 1415 vero
562 1356 674 1432 natus,
698 1349 833 1436 quando
856 1357 1009 1417 mortuus
1031 1353 1073 1417 sit
1089 1353 1269 1436 nescimus,
1290 1371 1352 1419 ue·

292 1485 358 1552 que
382 1465 476 1530 aliud
501 1464 685 1552 quidquam
709 1466 751 1532 de
776 1467 850 1533 eius
865 1467 936 1534 uita
955 1473 1076 1533 notum
1092 1474 1155 1552 est,
1178 1449 1353 1555 nisi'quod

292 1579 451 1668 Augusto
481 1581 683 1668 imperatore
713 1582 840 1648 Romae
870 1583 1072 1648 rhetoricam
1106 1583 1219 1649 docuit
1248 1583 1355 1650 Suida

292 1703 451 1783 auctore3
477 1698 534 1783 qui
553 1696 645 1782 quod
661 1697 769 1765 uerba
780 1695 834 1763 καὶ
856 1697 912 1774 ἕως
926 1695 1085 1783 Ἀδριανοῦ
1109 1698 1238 1764 addidit
1261 1698 1354 1764 haud

294 1811 399 1878 dubie
424 1813 562 1896 erravit,
585 1812 730 1878 fortasse
754 1812 858 1878 alium
881 1811 1065 1879 Caecilium
1088 1791 1245 1899 (sextum
1270 1813 1356 1880 an-

294 1927 408 1993 cilium
433 1928 508 1993 iure
539 1929 731 1994 consultum
761 1929 952 2014 suspicatur
975 1928 1159 2015 Miillerus3
1190 1930 1236 1995 ef.
1264 1928 1355 1995 Gell.

294 2041 373 2128 XX,
399 2044 437 2128 1)
467 2065 544 2110 cum
567 2042 740 2110 Calactino
766 2042 990 2108 confundens.
1023 2042 1140 2125 ‚Hunc
1163 2051 1288 2127 autem,
1312 2044 1356 2110 de

297 2180 364 2246 quo
391 2160 539 2247 agimus,
569 2160 713 2226 fortasse
737 2180 757 2224 a
779 2158 820 2223 L.
844 2157 991 2224 Caecilio
1016 2158 1174 2243 Metello,
1199 2161 1256 2245 qui
1278 2165 1357 2246 post

296 2275 440 2342 Verrem
463 2298 552 2342 auno
574 2279 615 2341 70
634 2299 663 2342 a.
684 2276 763 2342 Ohr.
809 2275 940 2341 Siciliae
963 2276 1185 2362 praeterfuit
1209 2277 1356 2342 clemen-

296 2391 445 2458 tissimus
476 2391 560 2477 (Oic.
591 2390 690 2457 Verr.
720 2391 780 2456 lib.
811 2389 887 2474 III,
920 2393 973 2474 16,
1004 2392 1081 2475 43),
1109 2391 1291 2477 puerulum
1319 2391 1356 2456 iu

298 2508 433 2574 Italiam
462 2507 699 2573 transductum
727 2507 844 2592 ibique
875 2528 895 2572 a
922 2507 1068 2594 posteris
1090 2505 1224 2572 Metelli
1254 2523 1358 2572 manu

297 2625 436 2691 missum
467 2643 542 2690 esse
570 2623 663 2689 haud
690 2623 873 2690 invenusta
903 2629 954 2689 est
982 2622 1123 2688 Milleri
1153 2623 1358 2688 coniectura.

299 2737 367 2806 Sed
391 2738 504 2805 obstat
526 2745 714 2825 temporum
744 2739 850 2822 ratio,
881 2739 909 2804 si
941 2738 1078 2825 quidem
1109 2744 1186 2825 post
1209 2736 1359 2824 Augusti

300 2853 430 2918 obitum
453 2873 531 2918 eum
554 2853 666 2920 adhuc
686 2855 813 2921 vixisse
839 2875 883 2920 ex
908 2854 1013 2919 Suida
1037 2861 1131 2920 recte
1159 2854 1360 2940 colligimus.

389 2967 456 3034 Sed
473 2967 540 3035 iam
556 2969 600 3034 ad
616 2969 761 3035 certiora
777 2969 976 3036 festinemus
997 2977 1041 3054 et,
1063 2991 1130 3057 quo
1148 2970 1360 3056 potissimum

301 3085 464 3170 temporis
495 3085 603 3171 spatio
627 3084 795 3150 Caecilius
819 3086 987 3168 floruerit,
1019 3085 1162 3152 definire
1186 3105 1360 3151 conemur.

305 3197 351 3264 Et
375 3199 418 3264 ad
440 3198 590 3287 Augusti
614 3200 750 3286 quidem
772 3206 939 3288 tempora.
955 3200 1103 3265 refertur
1126 3201 1199 3265 aliis
1223 3219 1360 3285 quoque

302 3313 428 3380 Suidae
458 3315 559 3380 loeis:
588 3337 615 3380 s.
638 3338 671 3381 v.
695 3311 896 3400 Ἑρμαγόρας
919 3313 1044 3402 Τήμνου
1067 3352 1109 3362 -
1138 3314 1295 3380 ἐπαίδευσε
1327 3313 1362 3380 δὲ

301 3420 389 3505 οὗτος
412 3427 493 3514 μετὰ
514 3429 677 3502 Καικιλίου
700 3431 731 3494 ἐν
748 3427 858 3518 Ῥώμῃ
882 3429 931 3496 ἐπὶ
950 3431 1109 3515 Καίσαρος
1130 3427 1283 3515 Aigeiros
1307 3428 1363 3496 καὶ

300 3546 430 3632 τελευτᾷ
452 3541 553 3628 nitio
575 3547 633 3631 τῆς
654 3541 793 3631 ἡλικίας;
826 3566 926 3631 quem
948 3545 1195 3632 Hermagoram
1224 3551 1263 3611 ut
1286 3567 1362 3611 cum

301 3657 429 3726 Meiero
461 3659 654 3743 (comment.
685 3658 736 3724 IV
773 3659 815 3726 de
846 3659 979 3726 Andoc.
1018 3666 1256 3726 oratcontra
1285 3659 1361 3725 Ale.

301 3780 372 3840 not.
396 3774 457 3859 35)
484 3774 651 3840 iuniorem
675 3775 846 3861 quendam
869 3796 944 3842 esse
969 3783 1128 3863 putemus
1153 3775 1360 3850 Quintiliano

303 3886 372 3972 III,
398 3891 428 3972 1,
454 3891 493 3954 18
518 3898 823 3973 commemoratum,
846 3897 972 3956 certam
997 3912 1133 3956 causam
1155 3911 1224 3956 uon
1244 3889 1362 3975 uide03

303 4011 339 4072 et
360 4005 450 4072 idem
472 4027 498 4070 s.
515 4028 548 4073 r.
565 4009 740 4094 Τιμαγένης
761 4007 978 4093 Timageuem
994 4009 1185 4092 σοφιςτιῦσαι
1202 4005 1281 4070 dicit
1298 4005 1362 4070 sub

299 4119 463 4206 Pompeio
479 4126 513 4186 et
524 4127 601 4209 post
610 4141 685 4187 eum
699 4122 748 4188 ἐπί
759 4145 794 4188 τε
802 4121 960 4207 Καίσαρος
970 4123 1024 4186 τοῦ
1032 4117 1204 4205 Αὐγούστου
1212 4117 1266 4184 καὶ
1274 4121 1363 4204 μετέ·
