3290 5006
600 400 891 462 ·--33-

253 572 386 656 βότοιτος
409 570 502 640 αότοῦ
524 570 587 639 τῶν
608 572 738 657 ἐκγόνων
759 570 845 640 κατὰ
866 570 902 640 τὸ
925 571 1000 640 αὐτὸ
1021 573 1175 662 ψήφισμα·
1198 573 1318 644 ἀποδα-

252 689 357 765 νόντος
379 711 414 754 τε
438 685 608 774 Λυκούργου
635 680 650 754 ό
682 686 890 775 πρεσβύτατος
920 685 980 755 τόν
1011 688 1128 755 παίδων
1155 691 1320 777 Λυκόφρων

251 800 467 890 ἠμφισβήτησε
489 801 548 887 τῆς
569 799 691 889 δωρεάς.
726 798 791 871 είπε
812 805 846 871 δὲ
867 802 922 870 καί
960 801 1026 891 περὶ
1056 802 1139 891 [ερῶν
1166 802 1320 884 πολλάκις,

251 916 449 1004 γραψάμενος
470 919 504 986 δὲ
526 917 695 986 Αὐτόλυκον
717 915 770 985 τὸν
787 917 1009 1006 Ἀρεοπαγίτην
1031 917 1085 985 καὶ
1107 921 1257 986 Λυσικλέα
1266 913 1319 986 τὸν

253 1027 425 1119 στρατηγόν
447 1031 502 1100 καὶ
526 1033 654 1120 Δημάδη
677 1031 729 1101 τὸν
752 1036 869 1120 Δημέου
899 1032 954 1100 καί
975 1036 1184 1120 Μενέσαιχμον
1212 1029 1320 1111 ἄλλους

253 1170 288 1213 τε
311 1143 437 1226 πολλοὺς
460 1147 582 1225 πάντας
604 1139 686 1214 εἷλεν.
710 1186 751 1197 -

300 1265 352 1331 Fr.
379 1264 430 1330 15.
454 1265 572 1331 Suidas
597 1286 624 1331 s.
647 1289 679 1332 v.
705 1262 889 1350 Λυκοῦργοςε
915 1262 998 1349 λόγοι
1027 1263 1061 1331 δὲ
1087 1247 1180 1329 αὐτοῦ
1207 1260 1322 1346 γνήσιοι

255 1372 284 1442 ιε’
312 1377 480 1463 σωζόμενοι·
502 1372 588 1443 κατά
617 1375 880 1464 ’Λριστογείτονος
914 1372 1000 1444 κατὰ
1020 1374 1200 1444 Λότολόκου·
1233 1370 1320 1443 κατὰ

253 1490 461 1579 Λεωκράτους
495 1487 581 1559 κατά
611 1492 800 1578 Λυκόφρονος
831 1489 868 1574 β’·
897 1486 982 1560 κατά,
1015 1495 1201 1569 Λυσικλόους
1236 1486 1322 1558 κατὰ

256 1607 477 1692 Μενεσαίχμου·
501 1603 586 1673 κατὰ
608 1605 759 1693 Δημάδου·
784 1606 933 1693 ἀπολογία
954 1603 1029 1695 πρὸς
1048 1603 1102 1675 τὸν
1125 1601 1224 1674 αὑτὸν·
1247 1600 1321 1693 ὑπὲρ

254 1719 316 1788 τῶν
347 1718 489 1790 εὐῇυνῶν·
516 1715 591 1807 πρὸς
616 1719 773 1808 Ἰσγυρίαν·
802 1719 876 1809 πρὸς
904 1716 964 1799 τάς
991 1721 1145 1808 μαντείας
1175 1718 1243 1806 περὶ
1264 1716 1323 1804 τῖγς

255 1836 439 1922 διοικήσεως
463 1834 530 1924 περὶ
553 1835 611 1922 τῆς
633 1835 748 1924 ἱερείας·
772 1835 918 1924 περὶτῆς
941 1835 1106 1924 ίερωσόνης.
1120 1837 1158 1924 ¹⁸)
1182 1874 1224 1883 —

608 2042 685 2109 llll.
708 2043 748 2108 lle
772 2042 979 2110 lenostlene.

251 2250 255 2255 ,
347 2183 491 2249 Similem
516 2183 632 2249 Snidas
656 2183 750 2248 affert
772 2184 897 2266 librum,
921 2184 975 2266 qui
1005 2183 1211 2266 singulariter
1241 2177 1324 2266 περὶ

256 2297 529 2380 Δημοσίιόνους
560 2303 657 2361 ποῖοι
686 2293 801 2362 αὐτοῦ
830 2293 976 2381 γνήσιοι
1001 2295 1104 2380 λόγοι
1132 2293 1323 2362 >eulmine

256 2409 369 2478 νόῖνοι
391 2414 530 2497 scriptus
555 2421 639 2497 erat3
668 2414 777 2496 itaque
802 2413 955 2478 nonnullo
985 2434 1094 2481 eorum
1125 2434 1208 2496 quae
1237 2412 1323 2477 infra

256 2526 297 2591 de
328 2529 529 2593 orationibus
563 2530 710 2609 genuinis
747 2539 779 2594 et.
813 2530 930 2614 spuriis
969 2529 1186 2594 diiudicandis
1216 2527 1324 2612 positu

257 2650 333 2706 sunt
355 2642 451 2707 faoile
475 2645 508 2706 in
531 2644 592 2710 hoo
616 2644 725 2709 libello
748 2651 888 2708 tractata
911 2643 1012 2709 fuisse
1036 2651 1183 2728 possunt.
1197 2640 1234 2726 19)

346 2760 399 2825 Fr.
435 2760 485 2825 16.
514 2760 569 2824 rit.
594 2760 624 2823 X
649 2780 711 2823 orr.
736 2759 799 2824 847
824 2761 860 2822 Ε.
892 2757 1033 2843 φέρονται
1062 2757 1095 2822 δὲ
1125 2753 1217 2822 αὐτοῦ
1243 2753 1324 2838 λόγοι

255 2869 369 2957 γνήσιοι
390 2869 540 2956 ἑξήκοντα
562 2873 660 2937 πέντε.
671 2872 709 2959 ²⁰)

256 3024 467 3037 u——nm

257 3101 293 3155 de
313 3101 444 3155 alimento
464 3101 575 3169 publico
595 3105 655 3154 erat
673 3101 738 3158 latu..
758 3132 790 3141 -
811 3101 939 3156 Ceterum
963 3099 1143 3154 haecomnia
1163 3098 1197 3152 do
1216 3098 1325 3153 coronis

255 3189 389 3257 publicis,
418 3189 452 3242 de
472 3194 579 3258 statua,
604 3189 640 3243 de
659 3204 745 3243 ooenu
763 3190 791 3244 in
809 3194 945 3259 prytaneo
969 3203 1030 3241 eum
1049 3189 1137 3242 solam
1155 3187 1192 3242 ob
1210 3202 1325 3240 oausam

259 3281 383 3334 Caecilio
403 3279 499 3334 deberi
519 3280 652 3348 suspicor,
673 3281 746 3348 quod
766 3285 794 3333 et
812 3284 897 3334 anteo
915 3283 1055 3347 etposteu
1068 3277 1203 3346 quaedum
1216 3291 1251 3330 ex
1264 3275 1324 3329 eins

258 3369 330 3424 libro
355 3369 502 3436 desumpta
521 3372 599 3437 sunt3
619 3368 684 3422 nolo
701 3369 785 3437 igitur
803 3369 856 3424 hoo
873 3384 925 3436 pro
943 3372 1019 3421 certo
1038 3365 1182 3420 affirmare.

335 3458 367 3523 ¹⁸)
392 3458 473 3522 Quod
492 3456 740 3525 Pseudopluturolri
765 3457 838 3510 tituli
862 3472 921 3510 oum
944 3456 1047 3511 Suidue
1071 3454 1257 3522 consentiunt,
1281 3452 1326 3506 hio

256 3552 351 3602 autem
371 3547 525 3616 quindecim
545 3550 697 3614 enumerat,
726 3551 870 3614 utrumque
890 3544 1047 3602 ecreeilio
1066 3574 1098 3584 -
1118 3543 1235 3598 totidem
1253 3543 1325 3596 enim

261 3627 310 3690 illo
330 3637 471 3690 orationes
491 3636 625 3705 genuinas
645 3635 830 3688 iudicavit-
849 3634 972 3702 pendere
991 3633 1106 3689 oonioio.

334 3724 369 3792 19λ
388 3725 526 3779 Nonnulla
556 3739 627 3793 quae
653 3723 707 3777 huo
730 3724 883 3792 pertinent,
908 3740 968 3777 oum
987 3721 1148 3776 Dindorfius
1173 3718 1264 3775 Sohol.
1288 3718 1326 3772 ud
1396 3729 1399 3734 '

261 3814 408 3868 Demosth.
422 3815 464 3868 ed.
480 3814 568 3869 Oxon.
588 3812 674 3880 prael.
686 3829 714 3882 p.
727 3813 795 3868 XVI
814 3813 999 3884 congesserit,
1019 3828 1078 3866 eam
1098 3811 1247 3864 editionem
1259 3806 1325 3862 mihi

263 3918 365 3971 perure
383 3919 438 3956 non
457 3903 552 3972 potui,
572 3902 669 3957 sedin
689 3903 813 3958 Sohe'leri
833 3902 1048 3974 diligentissimo
1066 3903 1138 3957 libro
1164 3896 1326 3966 ,Demostn

255 4010 282 4048 u.
302 3993 380 4048 seins
401 3993 480 4046 Zeit“
501 3994 644 4061 pleraque,
663 3993 692 4046 ni
709 3991 798 4062 fullon,
819 3998 1032 4048 commemorata
1050 3990 1153 4047 inveni.

331 4081 366 4150 ²⁰)
385 4083 481 4152 Longe
494 4097 564 4136 vero
576 4081 706 4136 minorem
719 4070 860 4137 numerum
872 4082 1039 4152 Dionysium
1050 4079 1208 4148 agnovisse,
1223 4077 1325 4148 quippe

256 4169 302 4238 qui
320 4185 376 4225 uon
394 4173 480 4225 multo
500 4171 622 4240 amplius
641 4170 741 4241 viginti
758 4171 928 4238 privatorum
947 4185 1095 4226 causarum
1112 4170 1253 4226 orationes
1266 4169 1323 4224 De·

1107 4290 1124 4344 3
