3290 5006
739 419 936 483 ..6.-

308 599 489 666 suetudine
520 603 729 684 sumpserat,
765 594 884 681 quidni
914 594 1002 660 enirn
1034 593 1264 670 Quintilianus
1294 595 1370 682 ipsa

302 715 381 784 ‚eius
398 713 534 802 scripta,
557 733 646 800 quae
661 713 744 778 alias
760 710 892 794 laudat,
914 707 1132 776 memorarit?
1155 706 1256 774 Adde
1273 706 1366 794 quod

307 829 376 915 111,
401 831 432 914 1,
457 832 498 895 18
522 829 602 895 dicit
633 826 855 916 „Apollodori
883 832 1067 920 praecepta
1095 825 1203 912 magis
1230 846 1275 891 ex
1301 824 1371 890 dis·

308 945 428 1034 cipulis
452 951 669 1032 cognoscas,“
694 943 786 1010 unde
810 949 904 1030 patet
922 963 1000 1010 eum
1022 943 1168 1031 plurime
1190 940 1370 1008 cotidianis

309 1061 447 1144 scholis,
469 1082 539 1126 non
563 1056 694 1147 scriptis
716 1058 912 1125 tradidisse.

336 1462 435 1545 cap.
464 1462 518 1531 11.
572 1461 632 1529 De
660 1459 826 1542 scriptis
854 1458 1007 1530 caecili
1036 1405 1342 1529 commentatio.

400 1663 422 1729 J
425 1684 478 1729 am
502 1662 545 1729 ad
569 1663 710 1730 alteram
734 1661 971 1749 disputationis
993 1667 1126 1749 partem
1143 1663 1249 1727 multo
1274 1662 1370 1728 loeu-

308 1779 488 1868 pletiorem
503 1783 721 1844 transeuntes
742 1778 785 1843 de
802 1778 945 1863 singulis
958 1777 1101 1863 scriptis,
1118 1798 1262 1862 quorum
1283 1798 1369 1863 quae

311 1899 494 1981 supersunt
524 1900 601 1980 post
630 1892 815 1959 Millerum
847 1893 972 1958 iterum
1007 1894 1098 1958 infra
1128 1894 1371 1980 congessimus,

309 2029 519 2097 exponemus
544 2014 588 2092 et,
612 2009 671 2095 qui
685 2009 895 2096 potissimum
913 2009 1079 2075 librorum
1095 2009 1199 2074 fuerit
1215 2030 1369 2075 conexus

310 2124 460 2212 quidque
485 2123 528 2189 de
551 2145 758 2210 unaquaque
783 2145 820 2189 re
844 2124 1064 2190 iudicandum
1088 2125 1130 2189 sit
1154 2123 1370 2189 disseremus.

309 2239 355 2306 Et
377 2262 453 2306 oum
475 2239 542 2305 tria
557 2238 827 2304 Caecilianorum
850 2239 1051 2326 scriptorum
1073 2259 1202 2326 genera
1225 2261 1298 2306 esse
1322 2240 1371 2306 vi-

312 2353 474 2438 deantur,
501 2355 645 2442 primum
676 2374 810 2437 eorum,
846 2374 933 2440 quae
961 2354 1005 2419 ad
1036 2360 1188 2420 oratores
1220 2354 1371 2422 Graecos

312 2470 522 2538 enarrandos
547 2477 581 2536 et
604 2470 881 2536 commentandos
905 2472 1093 2558 pertinent,
1125 2473 1269 2539 alterum
1292 2473 1372 2538 rhe-

309 2586 507 2668 toricorum,
529 2585 665 2650 tertium
689 2585 731 2650 de
754 2585 895 2651 historia
918 2591 951 2652 et
974 2587 1137 2653 derebus
1158 2590 1262 2675 gestis
1282 2610 1371 2654 com·

308 2703 518 2792 positorum:
539 2701 673 2788 singula
688 2702 879 2786 separatim,
899 2708 937 2767 ut
951 2723 1013 2787 par
1032 2708 1095 2786 est,
1116 2704 1349 2769 tractabimus.

397 2816 443 2883 Et
473 2816 570 2904 primi
609 2815 745 2902 quidem
767 2806 917 2903 ¹generis
945 2818 1253 2903 praestantissimus
1283 2819 1372 2884 liber

311 2931 376 2999 fuit
398 2931 439 3016 is,
464 2952 565 3017 quem
587 2928 679 3016 περὶ
705 2932 768 2996 τοῦ
799 2932 1049 3018 χαρακτῆρος
1074 2934 1149 2997 τῶν
1176 2935 1276 2999 δέκα
1305 2933 1371 3020 ῥη-

309 3045 427 3133 τόρων
452 3047 652 3135 inscriptum
675 3045 796 3112 Suidas
826 3046 944 3130 tradit,
977 3047 1052 3134 qui,
1084 3047 1113 3113 si
1142 3048 1223 3133 quid
1248 3069 1266 3113 e
1290 3049 1370 3114 reli·

311 3163 465 3250 quiarum
487 3162 581 3228 haud
605 3161 732 3250 exiguo
756 3181 897 3227 numero
922 3163 1086 3250 suspicari
1116 3163 1211 3246 licet,
1240 3170 1371 3230 ceteros

311 3283 345 3344 et
366 3277 601 3364 magnitudine
625 3283 660 3345 et
683 3277 849 3364 dignitate
873 3279 1095 3343 antecessisse
1118 3278 1265 3344 videtur.
1316 3277 1371 3344 Ibi

309 3413 388 3458 cum
408 3391 576 3458 ancilius
597 3392 641 3460 de
661 3392 778 3458 decem
800 3392 869 3457 illis
885 3391 1008 3458 Atticis
1029 3394 1219 3459 oratoribus
1244 3399 1371 3480 ageret,

309 3526 383 3573 rem
409 3508 513 3594 plane
540 3509 589 3573 ita
619 3507 765 3573 instituit
795 3511 833 3571 ut
856 3505 1040 3593 Dionysius
1069 3507 1105 3571 in
1133 3509 1371 3573 commentario

312 3620 357 3687 de
380 3620 568 3687 Dinarcho.
612 3622 762 3688 Primum
783 3623 887 3709 igitur
909 3623 979 3690 vita
1005 3623 1172 3707 breviter,
1198 3625 1234 3690 ni
1259 3624 1372 3708 fallor,

311 3742 471 3803 enarrata
496 3738 533 3803 in
566 3737 701 3804 dicendi
730 3744 903 3803 oratorum
930 3738 1114 3825 generibus
1146 3738 1370 3805 diiudicandis

312 3856 346 3916 et
378 3850 611 3918 describendis
641 3853 823 3940 plurimum
858 3854 1062 3939 elaboravit3
1097 3875 1165 3939 qua
1193 3855 1229 3919 in
1256 3875 1293 3920 re
1327 3876 1371 3921 ne

310 3972 440 4034 temere
461 3968 641 4052 iudicaret,
664 3990 751 4056 quse
775 3970 943 4036 orationes
967 3970 1148 4058 genuinae,
1171 3991 1257 4056 quae
1274 3970 1371 4037 falsis

311 4087 485 4148 oratorum
507 4084 700 4192 nominibus
722 4085 907 4172 inscriptae
930 4093 1059 4171 essent,
1082 4093 1182 4152 antea
1207 4095 1279 4154 erat
1303 4087 1370 4153 dis·

311 4196 529 4285 reptandum.
573 4199 649 4266 Hoc
673 4207 786 4267 autem
808 4201 915 4296 critici
930 4223 1072 4268 munere
1087 4209 1170 4286 tum,
1193 4225 1270 4268 cnm
1287 4202 1371 4268 an-
