3290 5006
706 389 1031 467 -53-'

251 565 266 612 ’·
289 581 363 646 aliis
389 579 531 665 scripsit,
561 580 631 646 illis
664 579 834 665 prioribus
867 598 1037 666 opponere
1061 577 1208 645 videtur.
1253 577 1350 644 Inter

289 718 328 762 ea
354 703 467 762 autem
493 697 633 783 scripta,
666 716 753 781 quae
779 696 938 782 deinceps
964 696 1131 778 nominat,
1160 716 1235 759 cum
1261 694 1348 760 iudi·
1423 745 1425 750 .

288 815 390 879 oisles
417 815 589 880 crationes
614 835 656 880 ne
682 815 788 880 verbo
814 813 951 899 quidem
976 812 1130 900 attingat,
1149 833 1222 880 ,non
1240 813 1350 878 omnia

289 951 375 1017 quae
390 930 512 1016 Lysias
533 930 666 1015 scripsit
686 950 873 995 memorare
890 929 1009 1009 voluit,
1031 926 1091 993 sed
1109 947 1149 991 es
1168 929 1242 992 sola
1262 947 1349 1012 quae

288 1045 330 1109 ad
354 1045 549 1109 scholarum
580 1067 680 1110 usum
711 1050 746 1110 et
770 1044 909 1110 delicias
935 1049 1032 1108 erant
1056 1043 1258 1128 composita3
1285 1044 1348 1107 ita-

288 1180 353 1244 que
384 1159 573 1246 δημηγορίας
601 1160 658 1246 (de
688 1160 812 1246 quibus
841 1159 1074 1224 ciliciorum
1101 1162 1278 1224 comment.
1307 1158 1349 1222 de

286 1274 419 1343 Andoc.
445 1297 493 1342 or.
518 1299 546 1342 c.
570 1276 647 1342 Alc.
671 1275 727 1338 ΠΙ
751 1282 820 1340 not.
844 1279 902 1360 303
927 1277 1052 1361 Opuso.
1074 1276 1264 1362 pag.'ll4),
1288 1275 1348 1340 έπι-

286 1393 399 1470 στολὰς
415 1401 449 1459 et
473 1395 531 1480 qui
548 1414 663 1458 earum
679 1414 757 1478 pars
777 1398 856 1458 sunt
873 1392 1036 1477 ἐρωτικοὺς
1059 1391 1174 1477 (Suid3
1199 1391 1349 1478 Spengel

286 1535 345 1578 συν.
362 1535 443 1596 τοχν.
464 1512 526 1574 126
544 1509 608 1596 sq.)
633 1515 667 1574 et
690 1507 827 1593 ἐγκώμια
851 1515 884 1573 et
908 1508 1085 1595 ἐπιταφίους
1108 1509 1168 1594 (cf.
1181 1507 1348 1574 Meierum

285 1626 381 1710 ibid.)
410 1625 520 1690 omnia
545 1624 848 1689 declamationibus
873 1623 1101 1689 adscribenda
1126 1644 1201 1690 esse
1223 1625 1291 1689 iam
1314 1622 1349 1688 id

286 1741 472 1826 significat,
509 1738 599 1825 qnod
633 1741 722 1804 inter
752 1739 863 1823 τέχνας
895 1745 941 1828 et·
962 1739 1111 1806 Socratis
1146 1740 1348 1826 apologiam,

287 1879 376 1943 quae
409 1878 502 1922 mera
539 1862 612 1922 erat
650 1855 849 1921 declamatio
886 1855 1025 1942 (Speng.
1061 1876 1121 1921 συν.
1157 1879 1237 1940 τεχν.
1268 1856 1348 1939 141;

286 1973 404 2038 Meicr.
424 1972 507 2038 ibid.
531 1977 600 2037 not.
618 1973 680 2055 403
705 1969 829 2056 Opusc.
841 1991 918 2056 pag.
934 1971 1010 2053 117)
1035 1971 1234 2056 interposita
1258 1974 1348 2035 sunt.

289 2087 398 2162 Quem
413 2109 526 2153 rerum
545 2107 712 2152 conexum
728 2085 948 2150 considerans
967 2087 1042 2172 quis
1064 2085 1244 2168 dubitabit,
1268 2085 1349 2172 quin

288 2205 400 2269 omnia
434 2205 476 2269 ab
513 2202 633 2267 eodem
670 2206 807 2266 auctore
840 2201 998 2287 profecta
1033 2201 1121 2265 sinti
1178 2201 1348 2266 Auctores

287 2323 402 2384 autem
425 2317 644 2382 nominantur
667 2315 851 2402 Dionysius
877 2321 911 2381 et
935 2315 1123 2401 Caecilius3
1151 2317 1266 2402 itaque
1290 2322 1349 2381 aut

287 2433 341 2498 hic
366 2438 424 2498 aut
446 2433 507 2498 ille
531 2432 617 2497 haec
640 2430 820 2496 tradiderit
836 2453 976 2498 necesse
995 2438 1060 2497 est..
1081 2451 1082 2454 ’
1102 2431 1147 2496 Et
1162 2431 1347 2517 Dionysius

288 2548 427 2634 quidem
449 2549 485 2613 in
520 2549 567 2614 eis
598 2567 686 2634 quae
711 2554 848 2614 exstant
872 2548 1003 2633 scriptis
1028 2569 1198 2635 nusquam
1223 2546 1348 2612 diserte

287 2663 476 2763 orationum
492 2683 671 2728 numerum
683 2661 798 2746 tradit,
818 2663 883 2727 nisi
897 2663 988 2749 quod
1002 2664 1083 2728 dicit
1095 2662 1171 2749 Vp.
1184 2665 1261 2746 491,
1273 2665 1294 2728 4
1305 2662 1347 2727 R.

285 2775 423 2862 Lysiam
440 2777 603 2843 διακοσίων
615 2773 673 2843 οὐκ
689 2775 839 2853 ἐλάττους
850 2775 1025 2854 δικανικοὺς
1041 2776 1149 2863 λόγους
1161 2779 1347 2864 scripsisse.

262 2891 352 2956 ‘Sed
375 2892 458 2957 ibid.
484 2913 557 2978 cap.
583 2893 624 2955 14
648 2912 725 2956 cum
749 2890 791 2956 de
816 2891 941 2978 Lysiae
969 2894 1126 2980 genuinis
1158 2900 1193 2959 ct
1224 2894 1346 2981 spuriis

286 3008 495 3073 orationibus
514 3006 738 3072 diiudicandis
757 3027 793 3072 se
813 3007 1017 3093 scripturum
1029 3009 1244 3095 polliceatur,
1266 3010 1346 3076 inde

284 3120 370 3187 haec
396 3121 574 3210 desumpta
597 3123 729 3210 possint
752 3122 878 3209 videri3
908 3130 941 3189 et
968 3125 1003 3189 in
1034 3125 1177 3191 eandem
1209 3131 1346 3191 senten·

284 3237 364 3302 tiam
389 3238 519 3302 faciunt
540 3239 602 3303 illa
626 3239 669 3304 de
694 3238 828 3305 dicendi
852 3260 994 3326 genere:
1019 3244 1105 3308 δοκεῖ
1127 3239 1160 3306 δέ
1183 3238 1268 3308 κατὰ
1290 3239 1347 3328 τὴν

283 3349 362 3429 λέξιν
374 3350 499 3428 εὔκολος
511 3345 588 3418 εἶναι
599 3357 677 3436 κτλ,
692 3377 778 3439 quae
791 3356 898 3421 verbo
911 3361 1012 3422 tenus
1026 3356 1117 3443 apud
1126 3357 1345 3444 Dionysium:

283 3470 342 3531 τῶν
368 3465 504 3554 ἀρχαίων
535 3467 631 3553 κρίσις
654 3468 687 3534 V
710 3471 750 3535 R.
782 3471 1021 3555 inveniuntur3
1054 3473 1276 3559 similiterque
1307 3477 1346 3536 ut

284 3579 405 3647 Suidas
430 3583 513 3667 (not.
528 3583 570 3649 ad
589 3584 631 3648 fr.
646 3569 684 3668 Ι8)
709 3585 751 3651 de
775 3585 899 3672 Lysiae
923 3592 957 3652 et
981 3585 1139 3653 Isocratis
1164 3608 1249 3674 puro
1275 3607 1343 3652 ser-

283 3715 382 3760 mone
404 3697 534 3763 iudioat
550 3699 691 3785 Dionys.
710 3701 792 3788 Lys.
816 3721 889 3786 cap.
914 3704 949 3766 2:
973 3701 1201 3789 aabapdraros
1224 3701 1262 3789 δὴ
1286 3705 1345 3767 τῶν

284 3806 383 3875 ἄλλων
407 3809 487 3894 μετά
510 3837 545 3897 γε
568 3814 683 3880 Λυσίαν
707 3816 737 3881 έν
767 3823 833 3894 τοῖς
864 3814 1008 3901 ὀνόμασιν
1031 3809 1121 3894 οὗτος
1145 3816 1344 3902 (Isocrates)

283 3923 387 4012 ἔμοιγε
410 3930 495 3994 δοκεῖ
517 3930 662 4012 perdebat
684 3927 700 3996 b
725 3927 810 4020 ἀνήρ.
857 3931 903 3996 At
926 3931 1090 4018 Dionysio
1122 3932 1345 3998 vehementer

283 4043 411 4126 obstat,
443 4043 534 4130 quod
565 4044 676 4129 τέχνας
706 4043 831 4132 Lysiae
863 4047 1004 4132 scriptas
1039 4067 1108 4112 non
1142 4047 1243 4113 modo
1274 4068 1343 4114 rne-

281 4179 431 4226 morasse
448 4157 508 4225 sed
528 4178 571 4223 ne
587 4179 689 4225 nosse
702 4159 838 4250 quidem
858 4161 1007 4243 videtur,
1033 4162 1205 4251 quodiam
1218 4161 1342 4250 Speng.
