3290 5006
699 1195 947 1276 Fragmenta
962 1182 999 1286 ¹).

406 1489 499 1579 Περὶ
530 1489 585 1560 τοῦ
606 1490 853 1580 χαρακτῆρος
874 1489 945 1560 τῶν
968 1494 1058 1561 δέκα
1080 1489 1294 1580 ῥητόρων.’)

696 1665 720 1772 i.
744 1665 785 1730 de
808 1663 1003 1747 insipiente.

407 1834 459 1898 Fr.
486 1835 514 1896 1.
537 1831 593 1896 vit.
617 1832 649 1896 X
676 1852 738 1898 err.
766 1853 798 1916 p.
822 1830 887 1897 832
910 1833 937 1898 Ε
964 1827 1124 1906 Καικίλιος
1145 1829 1178 1897 δὲ
1200 1830 1230 1896 ἐν
1251 1827 1295 1919 τῷ
1316 1827 1385 1915 περὶ

318 1941 410 2013 αὐτοῦ
434 1939 667 2030 (Ἀντιφῶντος)
691 1941 914 2030 medeatur)
929 1943 1112 2011 Θουκυδίδου
1123 1940 1177 2010 τοῦ
1189 1947 1384 2032 ονγγραρέως

318 2052 467 2147 endec-dv
490 2052 692 2146 (καὶνηγητήν
714 2060 795 2126 coni.
830 2060 1075 2145 Wyiienbach.)
1104 2057 1304 2145 τεκμαίρεται
1331 2083 1379 2142 γε·

316 2175 434 2258 γονέναι
462 2171 495 2253 ἐξ
524 2163 566 2240 ὧν
593 2174 758 2240 ἐπαινεῖται
783 2169 851 2260 παρ’
884 2170 968 2262 αὐτῷ
996 2166 1012 2239 ὃ
1039 2169 1198 2260 Ἀντιφῶν.
1222 2169 1287 2239 ἔστι
1309 2173 1342 2239 δὲ
1356 2174 1380 2260 ⁴)

316 2287 348 2354 e
369 2293 435 2364 τοῖς
456 2285 554 2372 λόγοις
571 2282 699 2374 ἀκριβὴς
713 2284 768 2352 καὶ
785 2282 916 2364 πιὲοανὸς
930 2284 984 2353 καὶ
1007 2281 1100 2364 δεινὸς
1116 2284 1183 2373 περὶ
1200 2281 1259 2373 τὴν
1274 2281 1383 2373 εὕρεσιν

316 2398 371 2468 καὶ
393 2403 423 2466 ἐν
444 2407 510 2478 τοῖς
531 2398 654 2488 ἀπόροις
674 2395 812 2485 τεχνικὸς
832 2398 887 2467 καὶ
908 2399 1061 2488 ἐπιχειρῶν
1083 2399 1117 2481 ἐξ
1135 2397 1248 2487 ἀδήλου
1265 2399 1320 2468 καὶ
1334 2398 1384 2468 ἐπὶ

316 2509 389 2593 τοὺς
409 2513 517 2601 νόμους
536 2512 591 2580 καὶ
613 2509 655 2580 τὰ
677 2511 769 2600 πάδη
791 2515 910 2600 τρόπον
932 2509 1005 2594 τοὺς
1023 2513 1136 2600 λόγους,
1158 2515 1211 2584 τοῦ
1222 2513 1385 2603 εὐπρεποῦς

317 2627 452 2717 μαλιστα
473 2627 701 2716 στοχαζόμενος.

387 2814 407 2881 ¹)
427 2812 587 2868 Notandum
606 2817 651 2868 est
675 2828 725 2868 eos
745 2814 823 2868 seles
842 2813 929 2869 libros
948 2813 993 2869 hie
1017 2815 1158 2870 recenseri
1176 2831 1192 2870 e
1211 2815 1312 2885 quibus
1331 2814 1383 2870 eli-

317 2900 386 2972 quid
408 2901 557 2956 memon'ue
585 2901 718 2956 traditum
750 2905 807 2970 est3
836 2905 989 2957 ceterorum
1018 2903 1116 2958 tituloe
1148 2902 1177 2957 in
1201 2903 1286 2974 priori
1302 2908 1384 2974 perte

316 2989 543 3046 enumeravimus.
586 2989 708 3046 deense
732 2990 805 3060 ipsis
828 2988 991 3061 fragmentis
1017 2991 1146 3046 udiectse
1169 3007 1232 3047 cum
1253 2992 1309 3048 elis
1325 2996 1383 3047 tum

316 3093 418 3134 auses
437 3081 579 3148 exponunt
596 3093 643 3132 cur
661 3078 772 3148 singule
790 3079 914 3135 Caecilio
930 3078 1174 3135 vindicaverimus.

389 3165 782 3232 ¹)TitulumSuidsssffe1d.
856 3166 859 3172 ’

389 3255 410 3320 ⁸)
429 3253 489 3310 Hes
508 3252 655 3324 σύνταγμα
678 3258 782 3309 utnon
801 3253 977 3324 singulariter
997 3256 1033 3311 de
1052 3254 1225 3326 Antiphonte
1250 3255 1382 3326 scriptum

316 3339 419 3410 fuisse,
445 3341 498 3396 sed
514 3345 622 3409 purtem
641 3341 677 3395 de
695 3339 792 3398 decem
810 3342 966 3398 oretenbus
984 3343 1047 3398 libri
1072 3347 1175 3413 putem,
1200 3356 1234 3396 eo
1252 3342 1382 3410 adducor,

317 3429 400 3500 qued,
420 3443 602 3498 quaecunque
616 3428 721 3485 eliade
734 3429 1103 3500 AntiphontePseudoplut.
1124 3429 1276 3488 eceeeilio
1294 3430 1381 3498 affert,

316 3516 433 3573 huiusce
451 3516 514 3572 libri
534 3517 656 3586 speciem
674 3532 743 3587 pree
762 3532 794 3572 se
810 3515 910 3573 ferunt.

388 3607 410 3669 ¹)
429 3607 491 3662 Non
509 3606 608 3662 obstat
625 3607 679 3662 hoc
698 3607 803 3663 Caecili
828 3607 864 3662 de
884 3606 1058 3676 Antiphonie
1082 3607 1184 3663 iudicio
1208 3607 1251 3675 (ir.
1270 3609 1313 3678 ὅ),
1342 3606 1382 3660 its

315 3700 347 3752 ut
364 3682 436 3751 hduc
459 3695 552 3751 emnia
576 3695 709 3767 deinceps
736 3712 769 3750 ex
794 3695 915 3750 rhetoris
940 3695 1012 3751 libro
1037 3696 1186 3766 desumpta
1210 3711 1276 3752 esse
1300 3695 1382 3750 suciis

258 3769 260 3778 ’
316 3783 496 3852 crediderim
521 3799 586 3838 num
604 3784 680 3853 quod
699 3783 816 3839 Photius
837 3783 898 3840 ced.
916 3786 969 3841 259
987 3784 1045 3839 inii„
1065 3783 1109 3852 (fr.
1128 3787 1157 3852 5)
1180 3788 1324 3854 uirumque
1343 3783 1382 3836 iu-

316 3871 418 3928 dicium
436 3872 513 3927 eliud
530 3871 578 3926 elii
596 3886 740 3941 oppenere
758 3871 876 3942 videtur,
894 3871 961 3926 nihii
975 3876 1071 3927 contre
1088 3887 1132 3927 me
1144 3871 1227 3940 fecit3
1245 3871 1293 3927 ille
1310 3872 1382 3926 enim

317 3975 380 4014 cum
398 3958 679 4028 Pseudepluterchum
698 3957 873 4014 describeret
896 3974 952 4016 non
976 3959 1068 4030 msgis
1093 3974 1175 4028 quem
1198 3974 1250 4013 uos
1275 3958 1383 4013 sciebat

315 4047 403 4102 hsece
416 4047 522 4104 Caecili
532 4045 621 4103 verbe
639 4050 736 4102 essent
752 4063 847 4106 necue.
878 4047 1050 4116 Quemquam
1063 4045 1098 4100 de
1110 4045 1163 4101 hec
1180 4061 1211 4100 re
1228 4060 1272 4100 me
1289 4045 1381 4114 ipsum

318 4134 448 4192 dubitare
466 4130 607 4192 confiteor.
1081 4159 1083 4164 ’
