3290 5006
714 393 911 456 ..3.-

281 566 335 634 vir
355 566 475 634 doetus
491 568 646 651 coniecit,
667 567 811 634 maiores
832 569 906 635 eius
924 590 942 635 s
962 567 1071 657 Syria,
1092 571 1343 662 undcmagnus

282 704 459 750 serverum
481 703 642 750 numerus
669 683 705 748 in
728 683 876 750 Siciliam
904 685 1013 768 venit,
1036 687 1199 754 oriundos
1224 688 1343 773 fuisse,

284 799 424 865 atinde
454 798 592 866 Suidam
619 799 765 866 fortasse
792 806 885 866 recte
915 801 1050 867 tradere
1077 804 1250 869 rhetorem
1278 805 1341 871 Ju-

283 914 400 982 daioae
427 915 507 981 fidei
532 916 639 982 fuisse
667 915 856 1002 addictum3
886 916 951 982 hcc
978 922 1092 983 tamen
1116 918 1269 1008 Toupius
1297 920 1341 986 ad
1435 981 1438 986 .

281 1036 456 1096 auctorem
477 1053 508 1096 π.
530 1027 626 1116 ὕψους
648 1029 678 1114 Ι,
703 1032 718 1096 1
752 1031 826 1096 sinc
855 1031 947 1097 iusta
973 1052 1075 1098 causa
1103 1053 1234 1118 negans
1261 1034 1343 1102 inde

283 1152 397 1212 ortum
419 1152 532 1234 putat,
564 1145 656 1232 quod
686 1145 809 1212 Suidas
832 1145 872 1222 Q.
896 1143 1082 1212 Caecilium
1103 1147 1265 1234 Nigrum,
1292 1151 1342 1216 fa·

283 1261 506 1328 mosissimum
527 1261 625 1328 illum
644 1259 762 1328 Verris
786 1267 1001 1349 quaestorem
1024 1282 1100 1328 eum
1122 1263 1261 1330 rhetore
1277 1264 1340 1332 Oa·

281 1376 407 1442 lactine
431 1377 644 1462 confuderit3
665 1377 763 1442 illum
787 1377 876 1442 enim
895 1376 1093 1444 Ciceronem
1113 1384 1152 1443 ut
1170 1378 1343 1446 Judaeum

279 1493 426 1560 irrisisse
456 1493 643 1559 dicentem:
678 1491 759 1578 quid
790 1492 812 1560 J
814 1492 925 1558 udaec
959 1513 1037 1560 cum
1066 1492 1198 1559 Verre?
1235 1495 1341 1581 (Plut.

281 1609 351 1675 (iic.
375 1630 427 1696 cp.
452 1609 498 1693 7).
524 1608 628 1675 ‹Mihi
651 1608 788 1694 quidem
817 1628 873 1674 res
901 1608 950 1674 ita
977 1613 1171 1696 comparata
1195 1630 1274 1678 esse,
1292 1611 1342 1678 vi·

280 1724 392 1808 detur,
408 1731 447 1790 ut
467 1725 547 1810 quid
567 1745 688 1790 verum
710 1723 762 1807 sit,
784 1725 852 1790 iam
871 1724 1060 1811 disceptare
1075 1746 1146 1790 non
1162 1727 1340 1813 possimus.

145 1829 148 1836 ¹
280 1841 403 1928 Neque
431 1843 519 1908 enim
549 1841 691 1907 Miillsri
720 1862 833 1928 neque
862 1840 984 1929 Tonpii
1015 1843 1205 1909 sentcntiae
1240 1845 1340 1912 certis

281 1961 392 2032 causis
416 1959 650 2045 sustinentur3
680 1978 792 2043 neque
818 1957 908 2023 illud
939 1956 1031 2043 quod
1053 1957 1209 2044 deerus
1233 1979 1339 2044 quon·

280 2075 359 2141 dam
385 2076 421 2140 in
444 2075 693 2142 Schneidewini
714 2072 894 2160 Philologo
923 2072 992 2138 vol.
1020 2070 1053 2156 Ι,
1080 2093 1158 2159 pag.
1194 2075 1256 2140 631
1287 2095 1337 2160 sq.

279 2191 456 2257 adnotavit
480 2193 663 2278 quidquam
677 2192 819 2278 probat3
844 2189 1064 2276 quiquidem,
1088 2189 1179 2274 quod
1194 2190 1231 2255 in
1251 2189 1339 2255 libro
1405 2277 1408 2284 .

280 2331 312 2374 π.
327 2304 423 2394 ὕψους
438 2329 510 2395 cap.
528 2312 559 2391 9,
576 2311 595 2374 9
612 2307 805 2393 exemplum
821 2306 948 2393 legitur
964 2326 1009 2370 ex
1022 2304 1119 2370 initio
1140 2304 1340 2392 scriptorum

280 2444 457 2489 sacrorum
479 2430 667 2510 sumptum,
694 2423 730 2489 id
753 2427 928 2488 auctorem
950 2418 1145 2487 adversario
1170 2442 1231 2486 suo
1256 2419 1341 2488 an-

251 2568 254 2574 ·
279 2538 358 2604 cilio
377 2539 503 2604 debere
519 2540 667 2626 putavit3
690 2539 751 2605 sed
775 2560 851 2605 cum
869 2539 981 2603 omnia
993 2538 1056 2603 illa
1069 2537 1157 2602 male
1174 2538 1216 2603 ab
1233 2538 1338 2603 inter·

279 2656 434 2742 polatore
456 2656 587 2720 inserta
617 2675 692 2721 esse
715 2662 809 2721 recte
832 2654 897 2721 viri
920 2655 1010 2719 docti
1038 2653 1340 2720 animadverterint

281 2770 340 2856 (cf.
369 2769 519 2857 Spengel
545 2771 713 2836 Rhetores
743 2769 802 2835 Gr.
825 2769 843 2833 Ι
866 2769 974 2856 praef.
995 2766 1114 2853 XVI),
1145 2768 1231 2833 nihil
1258 2769 1340 2834 inde

281 2884 324 2960 ad
354 2884 443 2951 hanc
475 2887 708 2971 quaestionem
739 2885 938 2952 solvendam
969 2884 1200 2968 consequitur.
1244 2883 1339 2948 Fieri

279 3005 393 3067 tamen
420 3002 571 3087 potuisse
602 3008 642 3068 ut
672 2999 840 3068 Caecilius
873 3000 1027 3066 Judaeus
1057 2999 1161 3065 fuerit
1187 3021 1257 3065 non
1288 3005 1339 3065 est

279 3137 341 3186 our
368 3138 551 3204 negemus3
583 3139 661 3184 nam
683 3118 896 3184 Judacorum
924 3117 1049 3203 scripta
1079 3122 1112 3181 et
1134 3135 1244 3181 mores
1267 3123 1339 3181 tum

279 3234 439 3319 temperis
464 3233 646 3300 admodum
668 3239 750 3300 nota
764 3234 870 3300 fuisse
888 3253 932 3299 ex
948 3233 1013 3299 hoc
1030 3252 1165 3319 quoquc
1182 3232 1339 3315 conicias,

279 3349 372 3434 quod
398 3349 464 3415 iam
480 3348 685 3436 Apollonius
705 3349 799 3415 Molo
817 3350 935 3415 rhetor
955 3355 988 3414 et
1007 3348 1232 3436 Lysimachus
1255 3346 1337 3414 Ale·

277 3464 467 3530 xandrinus
484 3471 601 3531 contra
618 3486 659 3532 ea
677 3466 971 3532 vehementissime
987 3465 1162 3552 scripsisse
1179 3463 1339 3530 dicuntur

279 3600 300 3644 a
323 3582 347 3648 J
349 3583 476 3670 csepho
501 3587 620 3648 contra
635 3581 758 3669 Apion.
774 3579 824 3665 11,
842 3583 883 3646 14
899 3580 942 3646 cf.
958 3579 1097 3646 Mfilleri
1114 3579 1235 3665 fragm.
1258 3577 1337 3644 hist.

280 3697 339 3762 Gr.
362 3696 428 3762 III.
452 3711 529 3785 pag.
552 3700 628 3763 334.
758 3687 760 3690 ¹

367 3810 526 3878 Ceterum
547 3813 668 3896 miror,
701 3832 852 3896 eaquae
877 3809 1027 3898 Tonpius
1051 3808 1177 3876 Suidac
1200 3808 1336 3892 obiecit,

278 3926 505 4013 Morgitorem
524 3934 567 4022 etp
581 3926 764 4015 Georgium
779 3925 978 3992 Buchcnau.
1000 3926 1037 3990 ll.
1053 3925 1091 3990 ll.
1111 3945 1232 3992 revera
1247 3945 1335 3990 com·

277 4043 427 4126 misisse,
458 4043 516 4128 qui
539 4042 703 4118 Quintum
724 4042 823 4109 illum
847 4041 1049 4123 Caecilium,
1079 4038 1252 4105 Ciceronis
1275 4039 1334 4104 ad·

277 4153 475 4242 versarium,
497 4159 645 4225 eundem
667 4157 773 4224 fuisse
788 4163 910 4245 putant
931 4162 1033 4241 atquc
1049 4153 1232 4220 rhetorem.
1272 4153 1337 4219 Oui

1126 4282 1140 4333 1
1149 4277 1165 4312 R
