3290 5006
688 403 908 466 „11-

274 581 508 669 pina'cctheca
531 600 729 666 comparans
760 597 834 644 eam
860 579 974 664 potins
1004 577 1260 665 pinacothecam
1281 597 1336 643 rc·

272 696 365 762 ferre
388 701 485 782 putat
507 695 568 760 ubi
591 693 758 781 quaedam
781 695 878 780 quasi
900 694 1062 759 historiae
1079 715 1180 783 quam
1204 715 1278 762 eam
1299 695 1335 759 in

273 833 342 899 qua
364 811 440 876 sola
464 809 728 896 pulchritudinis
753 817 787 874 et
809 809 998 876 venustatis
1023 811 1082 875 lex
1100 817 1231 898 regnet.
1267 809 1335 875 Sed

270 946 352 990 mox
381 926 425 991 ab
454 927 518 990 hac
547 946 611 990 sua
634 924 792 1010 opinione
820 925 999 992 discedens
1033 933 1164 1012 partem
1197 925 1333 1014 quidem

273 1039 392 1106 decem
417 1046 589 1105 oratorum
612 1041 679 1105 tria
699 1041 762 1108 illa
784 1063 911 1129 genera
935 1042 1081 1125 dicendi,
1111 1062 1198 1130 quae
1221 1042 1336 1106 rheto-

273 1179 327 1224 res
355 1158 422 1224 sibi
443 1157 631 1223 finxerant:
655 1154 816 1244 αὐστηρὸν,
840 1159 940 1242 μέσον,
963 1155 1063 1242 ἰσχνὸν
1079 1162 1336 1243 repraesentare

273 1275 410 1358 statuit,
449 1275 498 1338 ita
534 1273 689 1360 quidem,
732 1279 790 1354 ,ut
824 1272 1040 1338 sublimitatis
1077 1273 1258 1338 inchoatae
1292 1271 1337 1336 ad

273 1380 422 1470 Isaeum,
445 1389 625 1454 absolutae
646 1388 720 1454 laus
739 1387 782 1452 ad
801 1386 1078 1470 Demosthenem,
1100 1387 1277 1452 mediocris
1302 1393 1336 1452 et

274 1511 483 1591 temperatae
508 1503 724 1591 eloquentiae
746 1502 842 1566 initia
874 1503 918 1568 ad
945 1501 1145 1586 Isocratem,
1174 1503 1258 1567 fines
1292 1502 1335 1568 ad

276 1619 497 1707 Hyperidem,
520 1617 632 1684 tenuis
658 1624 781 1700 autam,
804 1617 938 1683 humilis
964 1624 997 1683 et
1020 1618 1155 1684 subtilis
1174 1618 1334 1682 orationis

279 1735 410 1801 semina
432 1735 529 1821 quasi
553 1734 597 1798 ad
622 1733 760 1820 Lysiam
782 1733 965 1798 referenda
987 1733 1064 1815 sint,
1090 1735 1266 1798 maturitas
1292 1731 1335 1797 ad

276 1849 515 1916 Aeschinem.“
564 1847 605 1913 In
631 1869 671 1914 ea
688 1849 776 1914 enirn
794 1848 964 1914 sententia
980 1847 1181 1933 Dionysium
1200 1869 1275 1914 esse
1292 1847 1335 1912 de

276 1971 419 2030 oratorr.
444 1964 548 2050 antiq.
572 1962 604 2027 V
626 1985 704 2048 pag.
724 1965 786 2028 451
813 1963 870 2048 R.;
895 1964 938 2030 de
960 1963 1132 2028 Dinarcho
1156 1985 1232 2051 pag.
1257 1965 1336 2048 6293

276 2080 319 2145 de
351 2079 450 2145 Isaeo
478 2100 555 2164 pag.
580 2080 660 2161 628,
692 2099 803 2166 neque
832 2080 997 2144 rationem
1031 2099 1105 2144 esse
1133 2100 1193 2144 cur
1222 2079 1264 2142 ab
1294 2097 1334 2142 eo

275 2195 405 2261 iudicio
430 2194 629 2280 gravissimo
659 2195 798 2258 canonis
824 2201 996 2260 auctorem
1021 2195 1240 2260 abhorruisse
1264 2213 1335 2258 cre-

277 2310 407 2376 damus.
453 2309 515 2374 His
541 2309 665 2374 deinde
682 2309 831 2374 adiectos
851 2311 957 2375 luisse
975 2317 1121 2375 ceteros:
1145 2309 1336 2394 Antiphon·

282 2431 361 2508 tem,
383 2429 422 2490 ut
446 2425 504 2512 qui
525 2425 654 2510 primus
680 2426 849 2490 orationes
873 2427 1016 2512 scriptas
1040 2425 1246 2511 reliquisset,
1269 2423 1338 2510 Ly·

279 2559 421 2625 curgum
444 2547 583 2626 propter
607 2541 764 2606 eximiam
794 2541 928 2606 dicendi
956 2541 1023 2606 vim
1053 2547 1086 2605 ct
1109 2540 1338 2621 acerbitatem,

278 2654 489 2720 Dinarchum
524 2661 562 2720 ut
592 2656 824 2721 felicissimum
855 2657 955 2722 trium
986 2656 1085 2721 simul
1114 2655 1250 2720 dicendi
1280 2675 1337 2739 ge·

280 2791 404 2835 nerum
430 2771 648 2854 imitatorem,
678 2771 825 2858 denique
847 2769 1062 2835 Andocidem
1088 2771 1239 2835 infimum
1270 2789 1337 2833 cm·

276 2887 388 2968 nium,
418 2886 514 2952 ouius
545 2887 651 2952 oratio
683 2887 726 2952 ab
760 2892 834 2951 arte
863 2891 897 2950 et
925 2886 1066 2950 scicntia
1089 2886 1203 2950 aliena
1225 2891 1338 2948 tamen

278 3001 452 3088 quandam
477 3003 574 3088 quasi
597 3009 754 3066 naturam
777 3007 989 3088 sequeretur.
1035 3001 1080 3065 Dt
1102 3000 1187 3066 haec
1204 2999 1339 3087 quidem

276 3115 446 3201 Materna,
470 3138 614 3204 quorum
637 3118 703 3182 alia
727 3135 809 3181 vera
832 3122 922 3200 sunt,
948 3117 1014 3182 alia
1037 3137 1112 3182 esse
1131 3116 1266 3202 quidem
1288 3115 1338 3180 vi·

278 3231 409 3297 dentur
438 3230 499 3296 sed
529 3230 634 3297 dubia
664 3238 761 3314 sunt,
787 3231 849 3295 illa
880 3252 961 3298 vero
993 3233 1034 3298 de
1065 3232 1173 3297 tribua
1205 3231 1340 3299 dicendi

278 3347 464 3433 generibus
495 3348 593 3413 etiam
627 3348 724 3413 falsa.
770 3346 858 3413 Nam
886 3349 1029 3433 primum
1057 3348 1085 3413 si
1114 3368 1235 3412 revera
1257 3346 1339 3411 Dio-

276 3463 398 3548 nysius
422 3463 459 3527 id
481 3463 660 3528 consilium
684 3469 821 3529 secutus
848 3469 936 3529 esset
961 3462 1052 3549 quod
1075 3463 1127 3528 vir
1142 3463 1263 3527 doctus
1279 3482 1337 3527 ro·

277 3578 354 3660 luit,
376 3599 446 3642 non
468 3584 647 3663 propterea
667 3577 834 3643 Caecilius
859 3578 950 3643 idem
974 3578 1097 3644 fecisse
1121 3584 1193 3643 erat
1215 3584 1336 3663 putan-

278 3694 353 3785 dus.
390 3692 458 3757 Sed
479 3713 522 3757 ne
534 3692 719 3779 Dionysius
739 3693 876 3780 quidem
899 3700 1038 3759 secutus
1064 3700 1130 3778 est3
1154 3713 1337 3780 numquam
1374 3709 1381 3716 ‘

278 3809 367 3876 enim
387 3807 653 3874 Demosthenem
676 3808 797 3893 grandi
822 3814 856 3872 et
879 3809 1015 3895 copioso
1039 3809 1100 3874 sed
1124 3827 1255 3892 semper
1269 3827 1339 3873 me-

279 3923 335 3989 dio
361 3924 479 4010 generi
503 3923 681 4005 adscribit,
710 3924 806 3988 cuius
835 3924 865 3988 si
887 3944 957 4005 non
986 3925 1215 4004 inventorem,
1241 3943 1337 4008 prac-

282 4040 418 4124 oipuum
441 4043 555 4102 tamen
580 4043 659 4102 ante
682 4036 948 4103 Demosthenem
971 4039 1136 4103 cultorem
1153 4035 1338 4102 Isocratem
1411 4068 1414 4074 ·

280 4153 386 4219 luisse
411 4153 491 4218 dicit
519 4153 630 4238 (Dem.
652 4153 704 4218 vis
728 4173 803 4239 cap.
827 4155 863 4240 33
887 4156 907 4218 8
931 4153 1036 4240 sqq.);
1061 4152 1178 4239 itaque
1202 4151 1339 4217 Isaeum
1453 4170 1456 4176 ’
