3290 5006
737 402 957 466 „20-

403 575 536 661 Restat,
558 582 596 643 ut
618 595 816 642 moneamus
841 575 998 663 exempla
1014 575 1058 644 ad
1078 575 1233 664 singulos
1249 577 1386 666 figures

220 721 227 746 ι
315 691 541 758 illustrandas
573 691 680 758 allata
709 708 779 758 non
807 691 918 758 omnia
951 711 996 758 ex
1030 697 1202 761 oratorum
1234 695 1379 782 scriptis,

316 805 378 874 sed
400 804 570 893 permulta
588 827 632 873 ex
649 805 861 893 Thucydide,
884 805 952 872 alia
975 826 1021 893 cx
1035 807 1225 893 Herodoto,
1249 811 1332 897 quin
1358 831 1378 878 a

315 919 500 1007 Sophoole,
521 921 698 1009 Euripide,
721 921 799 988 eliis
822 921 953 1007 poetis
977 929 1112 1010 sumpta
1131 943 1218 990 esse.
1263 923 1379 999 Quare

315 1034 441 1102 librum
471 1041 551 1102 anto
574 1036 831 1102 commentarios
859 1035 903 1102 de
926 1037 1118 1105 oratoribus
1145 1038 1277 1106 editum
1301 1059 1379 1107 esso

315 1151 459 1236 conicio;
488 1171 568 1216 nam
590 1149 758 1218 aneilius
780 1158 962 1238 postquam
986 1152 1105 1219 decem
1136 1160 1289 1220 oratores
1313 1154 1390 1228 Ao,

313 1263 401 1330 ticos
432 1266 542 1332 solem
579 1273 673 1334 recte
708 1266 881 1333 scribendi
914 1267 1073 1354 regulam
1107 1269 1303 1355 proposuit,
1340 1271 1377 1334 in

316 1380 405 1446 omni
429 1379 472 1448 de
495 1381 674 1448 rhetoricis
697 1383 801 1448 rebus
826 1383 1028 1468 quaestione
1060 1403 1130 1448 uon
1153 1385 1286 1450 nisiex
1308 1383 1377 1450 illis

315 1494 476 1580 exempla
513 1515 647 1562 sumere
678 1498 806 1583 potuit,
842 1498 1041 1584 praesertim
1083 1498 1145 1564 ubi
1179 1498 1223 1564 de
1257 1497 1379 1585 liguris
1431 1527 1437 1536 ·

315 1609 468 1696 quaestio
493 1618 578 1695 erat,
599 1611 635 1676 in
658 1631 744 1699 quos
767 1612 833 1708 iam
855 1618 928 1678 tum
949 1612 1131 1699 praecipue
1156 1613 1303 1678 animum
1324 1611 1377 1678 in·

313 1723 481 1790 tenderat.

737 1946 950 1960 *—

401 2201 493 2266 Huic
518 2199 766 2284 subiungamus
794 2197 874 2285 sepi
899 2195 1014 2284 ὕψους
1036 2199 1212 2281 libellum,
1239 2199 1282 2264 de
1307 2219 1375 2286 quo

315 2335 542 2404 quaeeunque
560 2315 694 2397 scimus,
713 2335 753 2381 ea
772 2316 901 2382 auotori
916 2316 1059 2398 incerto,
1076 2314 1134 2402 qui
1151 2315 1231 2379 olim
1247 2311 1375 2400 Longi·

314 2451 379 2495 nus
396 2429 583 2512 ferebatur,
600 2429 764 2495 debemus
783 2430 909 2516 omnia3
931 2429 1032 2515 plura
1050 2449 1189 2518 quoquo
1203 2429 1378 2511 sciremus,

315 2545 380 2610 nisi
403 2544 493 2627 libri,
527 2564 628 2631 quem
652 2550 772 2609 auotor
794 2547 945 2611 incertus
967 2546 1077 2632 primo
1098 2551 1176 2631 post
1199 2542 1278 2608 chr.
1304 2562 1377 2608 sae·

316 2661 393 2726 culo
412 2659 605 2724 Caeciliano
624 2659 791 2747 opposuit,
816 2666 936 2747 quarta
954 2660 1011 2726 vel
1027 2659 1127 2725 tertia
1141 2679 1220 2744 pars
1242 2657 1378 2720 omnino

314 2775 498 2839 interiisset
518 2773 576 2858 (cf.
590 2772 751 2861 Spengeli
765 2775 853 2840 rhet.
867 2797 916 2861 gr.
929 2781 1010 2840 tom.
1026 2773 1164 2860 lpraef.
1176 2793 1253 2858 pag.
1265 2769 1377 2855 XIV).

315 2887 501 2954 Caeciliani
525 2908 607 2955 vero
634 2888 712 2952 libri
738 2889 932 2974 fragmento
969 2890 1022 2956 vir
1057 2889 1188 2974 doctus,
1207 2886 1377 2972 Georgius

314 3002 504 3068 Buchenau
531 3003 567 3066 in
589 3002 828 3069 dissertatione
850 3003 1095 3090 Morburgensi
1126 3003 1189 3084 ,de
1213 3003 1376 3087 scriptore

314 3116 395 3183 libri
416 3141 448 3183 π.
464 3114 516 3202 bb.
543 3119 627 3182 1849
652 3115 834 3182 admodum
858 3118 1040 3204 diligenter
1064 3116 1248 3204 congessit,
1270 3116 1318 3180 ita
1340 3119 1378 3179 ut

314 3250 425 3316 pauca
447 3231 525 3313 sint,
550 3251 638 3318 quae
662 3253 753 3297 nova
777 3232 942 3298 addamus
967 3233 1010 3298 de
1032 3232 1138 3298 totius
1162 3230 1280 3314 scripti
1297 3249 1378 3293 oon·

317 3345 522 3410 formatione
548 3346 829 3433 singularumque
851 3366 965 3410 rorum
989 3364 1135 3410 conexu.

403 3460 554 3526 Primum
576 3459 694 3545 igitur,
725 3460 761 3525 id
785 3461 878 3547 quod
900 3459 1066 3544 Psdlong.
1090 3459 1270 3544 vituperat,
1293 3457 1377 3527 (lao-

318 3574 416 3639 oilius
438 3575 550 3639 minus
574 3572 717 3656 curavit,
740 3580 778 3640 ut
798 3573 994 3640 oratoribus
1012 3572 1056 3638 ad
1074 3572 1219 3638 sublime
1242 3571 1379 3640 dicendi

315 3709 424 3774 genus
455 3690 722 3755 consectandum
748 3694 931 3775 praecepta
961 3686 1075 3770 daret,
1111 3686 1187 3769 sed,
1223 3687 1305 3772 quid
1335 3687 1379 3751 sit

314 3802 403 3866 illud
425 3798 515 3887 ὕψος,
539 3804 730 3891 explicasse
748 3803 829 3867 sotis
850 3801 986 3886 habuit3
1007 3799 1113 3888 idque
1134 3820 1205 3866 non
1226 3800 1377 3886 philoso-

314 3915 473 4000 phorum,
497 3916 558 3983 sed
580 3917 844 4003 philologorum,
867 3922 906 3982 ut
928 3917 976 3985 ita
1000 3915 1121 3997 dicam,
1143 3914 1273 3980 ratione
1289 3914 1376 3978 mul·

314 4030 358 4094 tis
374 4030 580 4116 scriptorum
598 4030 763 4116 exemplis
780 4029 976 4096 declaravit.
1017 4028 1246 4096 Exeusandus
1262 4034 1378 4092 tamen

315 4144 463 4229 quodem
489 4144 591 4210 modo
615 4144 763 4227 ridetur,
786 4144 890 4232 quod,
914 4145 943 4212 si
964 4149 1058 4210 teoto
1075 4142 1141 4228 hoc
1158 4143 1378 4210 coniecerunt
