3290 5006
743 427 939 490 ..g-

312 602 377 668 bus
401 601 525 668 ductus
547 600 718 667 orationes
747 603 878 688 spurias
900 603 1112 687 iudicaverit,
1137 605 1288 672 breviter
1311 625 1371 670 ex·

277 727 279 732 ’
311 737 454 807 ponens.
499 716 547 783 At
567 717 609 784 de
626 718 679 784 his
697 720 848 805 quamvis
864 725 1055 806 temporum
1068 721 1247 807 iniquitate
1271 723 1372 788 uobis

310 833 378 900 iam
405 833 595 920 disceptare
623 854 692 900 non
718 835 838 917 liceat,
868 840 995 901 tamen·
1009 837 1104 901 illud.
1124 838 1370 923 intellegimus,

305 947 494 1015 Caecilium
516 969 585 1013 non
609 949 728 1015 alienis
757 951 817 1015 sed
845 951 915 1015 suis
943 953 1152 1036 argumentis
1183 954 1294 1018 nisum
1316 955 1372 1018 iu·
1412 1029 1416 1044 ⁸

312 1063 498 1149 dicavisse3
520 1086 596 1131 cum
619 1065 708 1136 enim
730 1064 940 1151 Dionysium,
964 1066 1143 1152 aequalem
1167 1071 1201 1132 et
1224 1067 1373 1133 familia·

311 1200 383 1248 rem
413 1201 529 1264 suum,
560 1181 619 1266 qui
649 1180 680 1246 ci
709 1180 883 1247 iudicandi
912 1183 1001 1248 viam
1034 1183 1306 1270 praemunierat,
1337 1184 1373 1249 in

310 1296 426 1362 multis
448 1296 571 1380 rebus,
599 1303 638 1362 ut
659 1317 721 1384 par
744 1301 806 1380 est,
830 1303 1013 1384 sequatur,
1042 1304 1157 1364 tamen
1190 1319 1293 1387 saepe
1316 1300 1374 1366 vel

311 1412 456 1478 maxime
470 1413 512 1478 ab
530 1433 570 1477 eo
584 1412 756 1496 abhorret,
774 1413 860 1478 sicut
876 1413 1127 1499 Demosthenis,
1142 1415 1184 1481 de
1197 1436 1262 1502 quo
1275 1435 1374 1503 prae-

311 1534 365 1595 ter
394 1529 486 1603 hunc
513 1530 639 1596 librum
667 1528 886 1614 singulariter
919 1550 1056 1616 quoque
1084 1531 1237 1618 scripsit,
1264 1532 1371 1598 multo

311 1646 429 1733 plures
458 1667 559 1732 quam
585 1645 770 1732 Dionysius
803 1645 973 1711 orationes
1010 1646 1176 1731 genuinas
1210 1646 1373 1732 adgnovit

192 1792 194 1797 v
312 1763 369 1848 (fr.
392 1762 458 1846 16).
503 1761 731 1848 Similiterque
748 1780 825 1828 oum
847 1760 902 1827 hic
922 1762 1076 1826 ordinem
1095 1761 1375 1848 Olynthiacarum
1504 1783 1509 1793 ·

311 1877 567 1961 immutavisset,
583 1878 691 1961 illum,
708 1877 860 1964 quamvis
881 1884 1080 1963 argumenta
1097 1878 1259 1942 nonsatis
1280 1877 1377 1944 firma

312 1992 345 2060 ei
363 1997 597 2080 suppeterent,
613 1992 845 2058 adversarium
866 1993 1038 2059 exstitisse
1057 1993 1210 2059 videmus
1227 1994 1283 2079 (fr.
1307 1995 1373 2078 17).

311 2109 434 2197 Neque
465 2114 579 2174 tamen
608 2107 763 2174 rhetores
794 2114 867 2174 tota
895 2109 1086 2174 studiorum
1120 2109 1252 2174 ratione
1282 2109 1374 2175 inter

313 2243 389 2291 sese
416 2224 681 2290 coniunctissimi
707 2225 770 2290 tali
797 2224 999 2316 iudiciorum
1028 2223 1256 2310 discrepantia
1285 2224 1372 2290 alius

314 2341 357 2406 ab
382 2339 448 2406 alio
472 2340 613 2405 alienati
636 2345 735 2424 sunt;
757 2359 836 2404 nam
857 2339 1043 2426 Dionysius
1066 2339 1101 2404 in
1125 2340 1221 2427 epist.
1244 2340 1288 2404 ad
1312 2338 1374 2404 On.

312 2455 510 2542 Pompeium
529 2454 713 2520 Caecilium
730 2453 1026 2520 familiarissimum
1042 2455 1187 2521 laudans
1205 2455 1376 2541 adipsum

313 2571 405 2636 hunc
433 2570 558 2636 librum
586 2569 628 2634 de
660 2569 852 2634 oratoribus
883 2571 1054 2656 respicere
1085 2566 1230 2636 ridetur.
1279 2569 1376 2645 Quae

313 2685 341 2752 si
362 2692 457 2752 recte
480 2685 644 2771 suspicor,
666 2691 704 2750 ut
728 2685 864 2771 quando
882 2686 954 2752 iere
972 2684 1141 2751 Caecilius
1157 2687 1284 2750 librum
1302 2686 1374 2750 cdi-

313 2800 401 2868 derit
432 2800 608 2883 definiam,
638 2801 704 2866 hoc
735 2802 864 2867 factum
896 2821 973 2866 esse
1002 2800 1077 2865 dico
1108 2801 1197 2866 iuter
1219 2801 1374 2887 ¹Dionysi

313 2917 490 3003 epistolam
502 2917 545 2982 ad
555 2915 741 3005 (imPomp.
755 2924 789 2983 et
802 2917 1060 2984 commentarios
1074 2915 1117 2981 de
1129 2916 1377 3001 Demosthene,

313 3032 499 3116 Dinarcho‚
530 3033 652 3100 ceteris
683 3034 874 3100 oratoribus
905 3032 1024 3098 editos.
1078 3031 1168 3098 Nam
1200 3040 1279 3098 ante
1307 3033 1378 3098 De-

313 3148 523 3214 mosthenem
547 3156 580 3214 et
603 3148 815 3214 Dinarchum
837 3155 987 3214 statuere
1011 3155 1045 3214 et
1066 3149 1228 3214 iudicium
1243 3148 1372 3215 anoili

315 3262 358 3329 do
381 3265 490 3329 altera
521 3263 727 3349 Olynthiaca
759 3271 793 3330 et
822 3264 911 3329 illud
934 3269 1045 3346 vetat,
1076 3265 1168 3350 quod
1192 3264 1378 3351 Dionysius

312 3379 349 3446 in
370 3379 536 3444 Dinarchi
565 3379 660 3444 initio
683 3379 786 3465 plane
816 3380 863 3444 ita
890 3379 1062 3465 loquitur,
1090 3385 1129 3445 ut
1160 3381 1218 3467 qui
1247 3381 1375 3466 primus

315 3493 359 3560 ad
389 3481 467 3561 eum
498 3501 666 3560 oratorem
697 3496 888 3561 accuratius
918 3495 1138 3560 tractandum
1173 3495 1379 3560 accesserit:

205 3617 211 3640 '
312 3608 346 3675 V
368 3632 400 3697 p.
425 3612 488 3675 629
511 3610 553 3674 R.
576 3607 645 3695 ἅμα
667 3607 701 3675 δὲ
724 3607 798 3695 ὁρῶν
823 3607 908 3677 οὐδὲν
932 3608 1055 3696 ἀκριβὲς
1077 3609 1379 3696 οὔτεΚαλλίμαχον

310 3723 384 3792 ,odra
405 3723 477 3801 τοὺς
499 3725 536 3790 ἐκ
551 3722 716 3809 Περγάμου
733 3724 967 3810 γραμματικοὺς
982 3724 1050 3812 περὶ
1066 3723 1159 3791 αὐτοῦ
1182 3723 1381 3811 γράψαντας;

313 3848 348 3908 et
369 3864 447 3929 pag.
472 3843 534 3907 633
559 3839 581 3907 ἃ
604 3831 655 3908 οὖν
679 3840 738 3927 ἐγὼ
760 3838 874 3918 αὐτὸς
897 3838 944 3907 δι’
972 3841 1138 3925 ἐμαυτοῦ
1161 3837 1382 3925 κατελαβόμην

313 3953 398 4024 ταῦτ’
425 3957 515 4024 ἐστίν.

401 4071 476 4139 Nec
500 4093 581 4140 vero
606 4073 700 4138 solae
715 4093 770 4138 res
787 4071 922 4137 criticae
935 4069 1084 4136 ancilio
1106 4089 1208 4136 curae
1221 4068 1381 4153 fuerunt,

314 4190 388 4274 sed,
408 4190 445 4255 id
465 4181 556 4278 quod
571 4190 638 4254 iam
655 4188 735 4255 libri
750 4188 872 4254 titulus
892 4193 1018 4272 mouet,
1042 4185 1184 4252 definire
1201 4185 1380 4268 studebat,
